2406 4012
244 206 502 261 consulumue
521 206 693 261 AUGUSTO
711 210 745 260 D.
764 211 874 262 22-23.
981 209 1042 274 179

68 357 245 423 exercitam
259 356 468 421 missoribus
485 378 714 441 consecrarem,
736 358 892 422 maximas
913 360 1040 423 numini

66 449 126 508 tuo
148 442 270 528 gratiss
297 461 358 526 ago
380 441 518 525 tibique,
548 441 632 526 quod
660 447 820 526 superest,
851 444 1039 508 commendo

67 528 187 592 liberos
219 546 308 591 moos
336 526 569 610 praecipueque
599 527 691 591 illum
723 527 789 591 iam
817 548 941 591 summa
969 528 1040 592 fisci

66 611 250 697 patrocinia
270 612 477 694 tractantem,
501 611 535 674 in
557 633 651 694 quem
673 633 724 675 me
746 614 851 677 totum
873 613 1040 676 transtulit

66 697 189 782 pietas,
223 695 311 759 cuius
339 693 416 758 felix
450 695 603 778 seruitus,
638 696 665 758 si
692 695 819 779 quando
851 698 1065 780 respexeris,5

66 783 208 845 maxime
242 782 317 844 tuae
351 779 521 843 conueniet
552 781 659 844 aetati.
711 783 851 844 ceterum
886 781 971 864 quod
999 782 1039 846 de

67 864 218 930 omnibus
246 864 355 928 liberis
377 863 460 946 dixi,
489 863 555 926 lata
584 867 648 945 cst,
678 864 864 948 imperator,
895 866 1037 931 ambitio.

66 952 197 1034 praeter
224 948 296 1012 illos
324 948 411 1011 enim
439 947 580 1032 quinque
608 968 689 1032 quos
714 949 814 1032 genui
840 949 938 1011 etiam
966 950 1039 1013 illos

66 1033 161 1117 quasi
187 1054 275 1096 meos
302 1053 435 1095 numero
466 1053 545 1115 quos
573 1033 705 1116 prouexi
736 1032 777 1096 ad
804 1032 938 1096 tutelam
965 1032 1037 1116 fori,

65 1118 109 1182 ad
142 1117 248 1181 officia
278 1116 403 1199 palatii.
453 1116 547 1180 multi
576 1118 694 1201 quippe
727 1140 766 1181 ex
794 1138 846 1181 me
878 1116 940 1180 riui
971 1138 1077 1181 nonu

64 1200 229 1299 ignobiles
250 1201 369 1283 fluunt,
391 1200 486 1264 multi
508 1204 680 1266 sectatores
702 1202 765 1266 mei
789 1201 886 1266 etiam
908 1202 1038 1286 prouin·
1154 1222 1157 1227 ·

66 1306 136 1350 cras
163 1288 236 1349 tuas
264 1285 499 1349 administrant.
548 1307 681 1369 quorum
709 1287 908 1351 successibus
936 1286 1038 1351 laetor

65 1370 274 1455 omniumque
288 1369 445 1434 honorem
464 1391 523 1452 pro
545 1391 616 1434 meo
632 1370 712 1435 duco
734 1374 777 1455 et,
800 1371 827 1434 si
842 1371 927 1435 forte
942 1370 1038 1435 hodie

65 1454 155 1519 infra
178 1455 434 1538 expectationem
455 1454 519 1517 mei
541 1454 667 1539 dixero,
695 1455 815 1519 inillis
838 1477 889 1518 me
912 1456 1037 1519 confido

64 1539 236 1624 placuisse.
281 1540 309 1602 si
331 1542 440 1602 tamen
467 1537 528 1602 hoo
550 1560 673 1622 quoque
701 1538 780 1603 mihi
802 1541 895 1602 tuum
917 1559 1034 1602 numen
1051 1557 1075 1598 u

64 1622 238 1687 indulserit
259 1627 295 1687 ut
317 1644 356 1687 ex
377 1623 438 1686 hac
461 1623 603 1687 oratione
625 1644 693 1687 non
716 1622 927 1706 eloquentiae,
953 1623 1037 1705 quod

64 1706 205 1772 nimium
226 1711 286 1790 est,
310 1707 365 1772 sed
388 1707 697 1790 quantulaecumque
715 1705 907 1790 prudentiae
930 1710 962 1770 ct
985 1706 1037 1770 de

63 1795 161 1856 uotae
182 1791 242 1855 tibi
264 1793 383 1856 mentis
405 1792 626 1856 testimonium
647 1791 801 1856 referam:
837 1790 952 1855 cedant
973 1791 1036 1875 pri-

62 1880 215 1941 uatorum
241 1876 418 1940 studiorum
445 1875 606 1960 ignobiles
634 1898 744 1961 curae3
774 1879 928 1960 perpetua
955 1874 1036 1939 mihi

64 1961 130 2026 erit
151 1961 286 2025 materis
308 1960 449 2044 dicendi,
472 1961 526 2044 qui
548 1983 598 2025 me
620 1962 820 2046 probauerit,
848 1961 1033 2046 imperator.
1048 1979 1074 2019 so

451 2167 651 2176 *—

505 2301 592 2373 Vlll

365 2451 738 2549 INOERTI

206 2617 640 2683 GRATIARUM
684 2615 900 2683 ΑΟΤΙΟ

322 2755 579 2808 cousrrunuo
598 2754 778 2809 nocusro.

127 2904 154 2969 Ι.
199 2904 234 2970 Si
255 2904 371 2969 Flauia
388 2905 575 2975 ,Aeduorum
596 2906 727 2970 tandem
749 2908 880 2968 aeterno
902 2905 1032 2968 nomine
1046 2924 1071 2963 as

60 2992 268 3074 nuncupata,
303 2991 516 3055 sacratissime
546 2991 735 3086 imperator,
769 3008 969 3053 commouere
999 3010 1033 3052 se

59 3072 210 3139 funditus
239 3078 334 3159 atquc
362 3072 425 3138 huc
453 3076 563 3140 uenire
590 3077 766 3158 potursset,
795 3076 866 3136 tota
889 3072 1032 3157 profecto

134 3265 147 3312 1
167 3265 222 3316 tuis
240 3266 315 3315 edd:
333 3264 362 3313 in
380 3266 436 3314 tuis
453 3267 481 3312 H
501 3262 511 3330 ss
536 3265 552 3314 ὃ
571 3264 702 3324 seruitns3
721 3264 803 3312 malim
820 3263 947 3311 iuuentus
969 3257 979 3325 l
1001 3261 1034 3310 lo

60 3348 98 3383 cx
116 3346 160 3382 me
178 3332 232 3382 riui
249 3348 304 3384 non
321 3333 377 3398 ign.
391 3332 481 3397 Creop:
500 3348 533 3382 ex
545 3331 613 3382 meri
626 3331 692 3380 uino
705 3331 761 3393 ign.
772 3330 837 3379 Aw
855 3344 889 3379 ex
901 3342 961 3378 mea
972 3328 1032 3377 riuo

60 3402 121 3466 ign.
139 3398 214 3451 Bert.
237 3416 271 3451 ex
288 3401 354 3450 meri
371 3400 452 3449 humo
470 3401 526 3466 ign.
545 3402 565 3449 Β
584 3401 601 3447 0
618 3399 641 3445 V
662 3396 672 3464 n
696 3399 725 3447 11
746 3398 829 3448 etiam
846 3412 892 3448 om,
911 3396 945 3446 W
1000 3396 1034 3446 15

60 3476 142 3519 tuum
159 3467 262 3519 mihic
285 3465 296 3533 ΙΙ
325 3469 359 3519 20
377 3482 429 3532 qne
446 3482 489 3518 me
507 3470 530 3516 Δ
559 3465 569 3532 ΙΙ
598 3468 632 3517 25
650 3466 780 3517 eduorum
797 3467 825 3512 H
842 3478 943 3531 semper
1000 3464 1033 3514 26

60 3536 252 3588 sacratissime
271 3537 345 3589 edd:
364 3534 421 3586 sac’
440 3537 463 3585 Δ
482 3550 562 3586 secer
579 3542 637 3586 cett.

829 3617 881 3670 lu*
