2406 4012
181 205 276 256 XVIII
560 203 776 255 PRAEFATIO.

217 360 281 419 VII
310 358 365 438 (=
378 358 448 437 VI).
480 362 560 418 Finit
582 362 735 420 secandas.
768 360 877 433 Incipit
899 366 1003 419 tertias
1023 360 1053 421 A
1067 361 1094 421 B
1108 362 1151 427 W.

202 445 282 505 VIII
310 443 365 522 (=
379 444 433 520 V).
462 447 577 503 Finitus
599 448 674 518 (finit
688 443 713 503 B
727 442 779 512 W)
802 447 913 506 tertias.
937 447 1049 520 Incipit
1066 465 1152 521 qaam

310 539 356 587 tas
375 527 441 588 AB
465 537 495 587 et
509 526 558 600 W,
581 528 638 587 sed
660 528 709 587 hic
728 531 832 587 Dictus
847 530 1030 589 Maximiano
1055 530 1152 605 addit.
1170 598 1173 603 ,

233 613 283 670 IX
325 639 367 661 =
389 610 458 688 IV).
489 615 569 671 Finit
590 619 723 687 quartus.
752 615 860 687 Incipit
882 619 999 689 quintas
1020 613 1151 677 Altw.

250 697 283 755 X
324 723 366 775 ς
388 695 446 771 ΙΙ),
475 699 591 757 Finitus
614 696 740 770 (finite)
764 701 888 772 quintas.
917 699 1027 772 Incipit
1050 708 1152 760 sextat

309 780 336 861 A
350 781 384 841 B.
413 784 521 856 Incipit
534 790 638 839 sextas
655 787 843 856 panepiricnc
859 784 953 840 dictas
969 785 1151 843 Maximiano
1166 828 1169 835 .

311 876 337 925 ct
359 869 539 925 Diocletiano
560 864 607 926 W.

234 949 283 1008 XI
311 948 365 1027 (=
393 950 468 1028 111).
515 953 586 1009 ltcm
617 952 741 1008 ciusdem
769 952 905 1025 Mopistri
931 959 1032 1010 memet
1061 954 1151 1011 Gena-

310 1039 434 1094 tlttiocae
461 1037 637 1094 Maximiani
668 1038 784 1109 auperti
809 1033 846 1093 A.
897 1037 1005 1109 Incipit
1037 1045 1151 1097 textos.

309 1123 382 1178 Item
416 1123 542 1178 eiusdem
572 1124 704 1193 mapistci
738 1121 902 1176 mamertini
931 1122 1178 1194 penetltliacltnt·

309 1207 479 1261 maximiani
505 1208 636 1277 aapnsti:
668 1231 702 1247 ω
723 1202 759 1262 B.
804 1205 939 1261 Eiusdem
962 1205 1177 1263 (lentiliacus-

310 1289 485 1362 Maximiani
506 1290 628 1362 Aapasti
649 1297 676 1344 ct
698 1289 874 1346 Diocletiani
892 1285 940 1347 W.

213 1369 280 1429 XII
309 1370 363 1448 (=
385 1369 458 1446 IX).
503 1374 551 1429 laic
574 1375 669 1429 dictos
697 1382 739 1429 est
762 1373 947 1430 Constantino
967 1375 1028 1444 filio
1058 1369 1150 1448 (corr.

310 1476 348 1516 ex
368 1454 438 1533 filii)
464 1457 623 1516 Constantii
644 1453 671 1513 A
697 1466 727 1514 et
748 1456 792 1513 ita
813 1454 852 1529 B,
888 1455 949 1513 nisi
977 1453 1061 1532 qnod
1089 1461 1152 1529 finit

309 1542 510 1617 pontiliaclas
531 1539 709 1597 Maximiani
727 1544 851 1614 Aapnsti
876 1540 1048 1618 praeponit.
1096 1540 1152 1598 Po·

310 1631 467 1701 napyricas
494 1628 588 1683 dictus
617 1623 802 1683 Constantino
828 1627 888 1697 filio
916 1625 1078 1682 Constantii
1103 1621 1151 1685 W.

306 1712 341 1769 in
362 1711 424 1769 fine
446 1710 537 1768 huius
567 1707 715 1768 orationis
738 1711 870 1782 Explicit
890 1705 919 1765 A
939 1705 987 1779 W,
1021 1706 1152 1767 Finis!

308 1793 435 1854 habent.
1181 1806 1184 1811 '

244 1879 312 1938 Iam
331 1897 404 1936 uero
426 1875 733 1955 circumspiciendum
754 1885 810 1947 est,
835 1893 932 1953 ecqua
949 1874 1011 1934 alia
1026 1884 1153 1953 praeter

181 1964 214 2023 n
241 1961 379 2021 subsidia
407 1962 512 2021 critica
542 1960 632 2019 nobis
660 1969 837 2039 suppetant.
882 1968 914 2018 et
940 1960 974 2018 in
1002 1958 1152 2019 Pliniana

182 2048 307 2128 quidem
334 2046 474 2105 oratione
502 2045 634 2105 schedae
656 2044 879 2104 Ambrosianae
907 2043 1077 2122 rescriptae
1105 2064 1152 2105 ae·

182 2141 263 2204 sunt,
287 2131 436 2190 inuentae
459 2130 531 2189 illae
553 2149 615 2187 una
638 2150 704 2189 cum
726 2129 894 2189 Frontonis
916 2148 952 2186 ae
975 2127 1154 2206 Symmachi

183 2216 322 2294 reliqniis
354 2214 393 2274 ab
419 2213 541 2292 Angelo
573 2213 658 2273 Maio
691 2215 723 2272 in
757 2214 862 2274 codice
895 2211 967 2271 olim
992 2210 1153 2285 Bobiensi

182 2320 267 2362 nunc
288 2298 494 2358 Ambrosiano
525 2295 604 2374 [ord.
629 2318 695 2376 sup.
719 2298 757 2357 E.
783 2297 856 2374 147]
885 2296 1000 2356 saeculi
1027 2298 1155 2375 septimi

181 2388 232 2447 uel
260 2386 370 2445 octeni.
414 2384 588 2463 fragmenta
610 2383 755 2442 Pliniana
781 2391 913 2461 quatuor
940 2380 1022 2440 foliis
1054 2379 1153 2456 (nnnc

182 2493 213 2552 p.
239 2473 289 2530 21.
314 2470 367 2543 22,
398 2470 447 2530 27.
472 2470 511 2529 28
542 2477 573 2528 et
601 2489 631 2547 p.
656 2469 727 2527 361.
752 2468 828 2538 362,
861 2467 932 2525 367.
956 2466 1017 2523 368
1045 2484 1152 2527 nume-

181 2552 270 2633 ratis)
295 2554 501 2613 continentur.
536 2553 678 2612 disseruit
702 2553 740 2610 de
762 2549 810 2609 his
833 2549 953 2610 schedia
974 2548 1151 2627 diligenter,
1192 2612 1195 2635 ÷

181 2648 216 2696 ut
237 2638 325 2708 solet,
350 2637 390 2695 H.
407 2635 528 2694 Keilius
551 2636 584 2693 in
607 2644 831 2712 programmate
854 2634 1067 2701 uniuersitatis
1088 2634 1152 2693 Ha·
1186 2642 1195 2689 ·Ι

181 2722 277 2782 lensia
300 2719 482 2788 a.1869s70
505 2719 589 2777 etin
613 2717 758 2776 editionis
772 2716 937 2778 Plinianae
958 2718 1030 2776 mai.
1052 2718 1152 2796 praef.
1191 2730 1196 2799 j

182 2828 214 2885 p.
237 2803 505 2864 XLIV-XLVI.
535 2821 613 2882 quae
636 2801 769 2861 schedae
794 2794 834 2880 [R
856 2796 975 2879 notaui]
998 2809 1033 2859 ut
1054 2800 1152 2864 bona·
1188 2804 1196 2819 ““

182 2911 251 2950 rum
276 2889 443 2948 lectionum
471 2895 518 2946 sat
546 2906 690 2966 magnum
722 2906 880 2945 numerum
911 2884 1073 2957 exhibent,
1111 2888 1154 2947 ito

182 2972 367 3054 quibusnam
400 2972 530 3031 maxime
563 2981 685 3050 praeter
717 2971 794 3031 uitia
826 2970 952 3048 uulgata
984 2970 1153 3046 generibus

63 3078 68 3087 ·
183 3058 364 3120 mendorum
379 3057 413 3116 Π
436 3056 624 3117 deformatus
646 3056 686 3116 sit
710 3056 830 3128 docent,
854 3074 965 3133 nempe
987 3052 1154 3115 uerborum

181 3155 214 3206 et
236 3143 401 3204 omissione
424 3154 454 3200 et
476 3161 573 3219 praua
595 3141 807 3201 collocatione.

246 3227 381 3287 Ioannes
396 3225 557 3285 Liuineius
572 3226 680 3301 Belga,
703 3227 751 3284 uir
773 3225 811 3284 de
832 3223 880 3281 his
903 3222 1073 3282 oratoribus
1099 3224 1153 3283 im·

183 3312 354 3372 mortaliter
368 3310 501 3380 meritus,
518 3328 594 3388 quos
610 3310 650 3368 ad
662 3310 830 3368 editionem
844 3327 930 3366 suam
946 3305 1154 3386 (Antuerpias
1184 3372 1187 3377 ,

184 3419 212 3455 a.
240 3394 415 3456 MDXOIX
446 3413 483 3452 ea
511 3392 638 3471 prodiit)
673 3393 767 3451 libros
795 3391 973 3450 adhibuerit
1002 3392 1035 3449 in
1063 3412 1153 3470 praa·

184 3481 302 3539 latione
326 3480 414 3539 docet
436 3478 581 3538 lectores:
616 3496 726 3556 nempe
750 3496 816 3537 esse
839 3495 934 3555 penes
957 3495 990 3535 sc
1013 3475 1154 3537 codicem
