2406 4012
195 206 238 272 92
452 210 490 261 ΙΙ.
525 208 580 259 CL.
599 206 809 259 MAMERTINI
826 206 907 259 PAN.

195 359 344 444 publicae
367 379 474 423 curam
489 362 522 422 et
540 358 639 421 totius
661 356 749 420 orbis
769 356 837 420 fata
857 354 1022 440 suscipere
1039 358 1076 421 et
1089 354 1164 421 obli·

195 448 267 509 tum
315 442 525 507 uodammodo
561 442 610 505 sui
643 440 794 525 gentibus
826 439 937 505 uiuere
971 442 1006 504 et
1035 439 1074 505 in
1100 442 1165 507 tarn

197 529 295 593 arduo
332 548 520 591 umanarum
534 546 641 589 rerum
661 528 746 589 stare
766 523 909 609 fastigio,
930 545 970 589 ex
987 546 1054 609 quo
1067 524 1162 591 uelut'

196 616 299 677 terras
321 631 433 675 omnes
460 614 492 675 et
521 610 622 675 maria
651 610 810 694 despicias
836 609 1045 695 uicissimque
1067 608 1161 675 oculis

171 717 235 760 sac
250 698 357 759 mente
373 695 540 759 collustres
559 695 616 759 ubi
637 695 680 759 sit
701 697 788 759 certa
802 694 970 778 serenitas,
993 694 1050 759 ubi
1073 694 1168 761 dub‘n

197 782 381 865 tempestas,
403 779 459 864 qui
478 779 635 843 iustitiam
654 783 796 843 uestram
815 778 936 843 iudices
951 777 1161 861 aemulentur,

198 866 253 950 qui
274 865 403 929 uirtutis
424 867 552 929 uestrae
573 865 710 949 gloriam
738 863 834 929 duces
856 865 998 947 seruent,
1021 862 1162 949 accipere

197 950 447 1014 innumerabiles
461 949 602 1033 undique
624 949 764 1031 nuntios,
785 947 921 1012 totidem
941 947 1100 1013 mandata
1119 946 1161 1013 di·

197 1035 335 1116 mittere,
364 1034 402 1098 de
424 1036 475 1098 tot
498 1033 627 1098 urbibus
655 1034 688 1096 et
714 1032 900 1097 nationibus
928 1035 962 1097 et
1011 1032 1165 1097 reuinciir

159 1120 366 1214 recogitare,
382 1122 494 1182 noctes
516 1138 626 1181 omnes
649 1117 779 1215 diesque
800 1116 927 1201 perpeti
947 1138 985 1181 sc
1014 1116 1163 1183 'citudinc

198 1224 426 1351 P‘iifmfiitl
444 1202 554 1350 {itt
567 1205 951 1383 {britium
973 1284 1088 1350 aaa
1101 1304 1166 1383 a..

200 1371 330 1455 ceperis,
353 1374 390 1434 tu
405 1370 510 1436 fecisti
525 1370 661 1453 fortiter,
684 1371 739 1435 rlle
759 1372 929 1454 sapreuter.
951 1392 975 1433 n
1018 1391 1061 1434 ue
1082 1388 1164 1435 enirn

200 1477 273 1520 cum
294 1455 487 1540 reipublicae
508 1477 625 1520 nauem
647 1454 804 1520 secundus
826 1477 846 1518 a
866 1475 932 1538 pup
955 1454 967 1518 i
1032 1457 1090 1519 tus
1109 1454 1163 1519 im·

162 1559 187 1600 15
200 1541 349 1625 pelleret,
385 1540 557 1606 salutarem
584 1561 715 1604 manum
748 1539 911 1622 gubernac
946 1538 974 1601 is
1005 1534 1165 1621 addidist',

200 1626 256 1690 sed
279 1647 351 1691 cum
373 1625 413 1690 ad
434 1625 664 1691 restituendam
692 1645 763 1689 eam
784 1626 858 1707 post
878 1623 1024 1707 priorum
1045 1626 1165 1707 tempo-

198 1732 270 1775 rum
293 1711 398 1775 labem
421 1710 567 1775 diuinum
588 1709 683 1774 modo
705 1730 744 1773 ac
766 1729 807 1772 ne
828 1707 861 1772 id
884 1705 1012 1791 quidem
1032 1708 1165 1773 unicum

198 1795 359 1860 sufficeret
392 1796 561 1876 auxilium,
595 1793 822 1878 praecipitanti
855 1791 1002 1857 Romano
1041 1790 1166 1857 nomini

199 1879 289 1941 iuxta
309 1879 487 1962 principem
513 1878 645 1960 subisti,
673 1878 782 1942 eadem
800 1876 925 1942 scilicet
944 1876 1058 1941 auxilii
1078 1897 1099 1942 ο
1138 1898 1166 1941 r·

160 1980 187 2021 ao
199 1962 339 2025 tunitate
361 1983 423 2045 qua
444 1965 519 2026 tuus
534 1961 688 2025 Hercules
708 1960 819 2027 Iouem
840 1964 983 2026 uestrum
1004 1982 1094 2059 quon
1117 1982 1166 2027 am

199 2045 433 2131 terrigenarum
449 2045 533 2111 bello
554 2045 753 2110 laborantem
773 2067 893 2132 magna
905 2047 1061 2111 uictoriae
1076 2050 1166 2131 parte

199 2129 282 2194 iuuit
302 2130 515 2279 probauitrpue
535 2152 569 2195 se
589 2152 656 2194 non
675 2131 778 2216 magis
802 2153 821 2196 a
841 2131 889 2194 dis
913 2131 1077 2214 accepisse
1100 2152 1169 2197 cue·

199 2215 266 2279 lum
293 2237 389 2301 quam
418 2216 463 2280 eis
487 2237 536 2280 em
564 2214 749 2280 reddidisse.
785 2237 828 2280 an
849 2236 915 2280 non
942 2214 1024 2279 illud
1043 2216 1166 2281 malum

200 2301 302 2366 simile
330 2305 547 2367 monstrorum
577 2300 762 2365 biformium
793 2300 828 2364 in
860 2299 948 2365 hisee
980 2301 1080 2365 terris
1108 2300 1167 2365 luit

160 2402 186 2444 2⁵
199 2388 284 2471 quod
310 2390 380 2468 tua,
410 2386 542 2470 Caesar,
572 2386 681 2450 nescio
710 2390 819 2449 utrum
847 2386 949 2470 magis
976 2384 1168 2451 fortitudine

199 2468 1170 2640 iiiiiilulgiiinrssilitiaalitilluriaffli'tdssiabi

200 2639 350 2721 peditem,
373 2661 445 2702 eum
460 2645 571 2721 pastor
585 2640 733 2721 equitem,
757 2660 830 2704 cum
849 2604 973 2704 hosdem
994 2639 1169 2704 barbarum

201 2742 331 2785 sucrum
364 2723 520 2785 cultorum
558 2722 697 2786 rusticus
735 2727 879 2788 uastatur
915 2724 1061 2788 imitatus
1096 2720 1166 2788 est?

160 2822 187 2863 co
200 2806 285 2889 quod
300 2827 359 2953 epo
375 2805 492 2870 cursim
506 2810 688 2955 praetereo:
704 2807 796 2872 uideo
808 2809 895 2873 enim
910 2812 952 2892 te,
968 2828 1032 2892 qua
1041 2808 1167 2957 pietate

201 2910 251 2973 es,
278 2890 319 2954 ob
332 2890 472 2955 iuionem
494 2891 581 2956 ilius
602 2891 755 2957 uictoriae
782 2893 996 2991 mallequam
1017 2894 1165 2978 goriam.

257 2974 296 3039 V.
324 2974 405 3051 Quid
427 2976 524 3040 uero?
552 2976 671 3061 statim,
695 2977 826 3041 uixdum
847 2998 963 3042 misero
983 2976 1041 3041 illo
1060 2976 1169 3041 furore

200 3059 323 3143 sopite,
348 3080 418 3124 cum
435 3082 545 3126 omnes
559 3061 727 3126 barbariae
748 3062 897 3126 nationes
918 3061 1079 3127 excidium
1100 3061 1168 3127 uni-

199 3202 403 3211 --—-----.

268 3268 283 3315 2
300 3265 328 3314 in
346 3264 414 3331 tam]
433 3268 519 3316 uitam
537 3270 554 3315 0
577 3265 587 3333 ΙΙ
616 3268 649 3317 20
666 3266 793 3317 Herculis
811 3267 834 3316 Δ
859 3264 869 3332 ΙΙ
898 3270 931 3318 22
949 3282 978 3318 se
994 3268 1064 3317 Π
1077 3266 1169 3333 cusp..-

201 3334 279 3382 om.ll
297 3335 314 3382 0
330 3335 353 3382 V
371 3332 381 3389 ll
402 3338 435 3385 ‘23
448 3334 534 3385 eidem
554 3338 571 3384 0
590 3333 594 3401 l
613 3334 799 3385 reddidistis
822 3331 832 3399 ΙΙ
856 3338 889 3385 ‘24
908 3336 995 3387 hiisce
1011 3338 1040 3384 Ι
1057 3333 1067 3403 ΙΙ
1084 3336 1120 3387 26
1132 3334 1170 3384 sit

200 3414 355 3463 repressum
373 3400 426 3466 011
446 3402 575 3453 militaris
593 3418 623 3454 es
641 3401 706 3451 hab.
723 3403 746 3449 Δ
770 3399 779 3465 ΙΙ
804 3404 836 3452 29
854 3408 1025 3454 narratorem
1043 3406 1076 3455 de
1094 3402 1169 3466 Rccy

198 3468 263 3530 spic.
281 3470 338 3517 erra
354 3486 383 3533 p.
399 3473 449 3521 489
467 3467 477 3535 ΙΙ
497 3474 531 3521 30
549 3484 656 3521 cursum
674 3471 694 3518 B
713 3471 730 3516 0
753 3466 764 3534 ΙΙ
787 3471 820 3519 33
839 3471 904 3534 quid
922 3486 953 3538 ςε
971 3470 1045 3536 quod
1062 3471 1090 3520 1
1107 3468 1119 3537 Ι
1135 3469 1171 3521 84

199 3533 347 3585 barbariae
365 3539 399 3585 A:
419 3538 556 3589 barbarae
572 3538 593 3587 B
612 3541 630 3588 0
650 3536 671 3583 V
689 3537 831 3600 barbar{e
850 3550 875 3587 rr
