2406 4012
386 199 544 252 TRAIANO
562 201 595 254 D.
615 204 724 253 14—16.
999 203 1043 267 15

60 353 177 416 uisere
198 348 429 432 rusendumque
451 349 576 413 tradere
598 350 775 414 minoribus
798 352 863 415 suis
886 353 1038 436 gestient,

63 436 143 520 quis
171 434 303 499 sudores
329 437 401 498 tuos
419 434 561 498 hauserit
583 455 722 518 campus,
745 456 825 518 quae
848 435 1037 502 refectiones

10 542 12 563 ²
63 525 144 585 tuas
167 519 306 601 arborea,
329 540 409 603 quae
432 539 579 583 somnum
602 540 679 582 saxa
700 521 928 602 praetexerint,
954 522 1037 603 quod

64 603 210 687 deniqne
231 606 350 667 tectum
372 624 508 687 magnus
530 602 647 686 hospes
675 603 868 688 impleueria
896 609 932 668 ut
959 611 1037 670 tunc

62 689 132 773 ipsi
148 688 210 752 tibi
223 687 404 772 ingentium
416 687 532 751 ducum
548 709 637 751 sacra
653 689 790 772 uestigia
812 689 913 753 isdem
934 690 969 753 in
990 690 1067 754 los

67 775 117 839 cis
140 772 411 836 monstrabantrr.
450 793 561 835 uerum
582 772 662 837 haec
684 773 776 836 olim:
799 774 1037 859 inpraesentia

64 857 209 942 quidem,
232 856 373 940 quisquis
394 855 489 939 paulo
510 857 667 920 uetustior
688 858 789 939 miles,
817 857 871 922 hic
898 861 930 922 te
954 880 1037 923 oom-

63 942 217 1006 militone
245 944 402 1005 censetur.
442 944 557 1024 quotus
594 941 680 1006 enim
715 943 847 1024 quisque
880 943 969 1005 cuius
1000 946 1037 1006 tu

64 1047 138 1090 non
160 1028 236 1090 ente
259 1024 432 1089 commilito
454 1047 549 1109 quam
571 1026 768 1109 imperator?
790 1025 864 1089 inde
887 1027 1036 1108 estquod

63 1132 170 1260 {tlt
187 1110 1036 1261 frrrtrrurrrrlsorrtlrrllrt
1049 1133 1076 1170 ¹⁰

63 1280 129 1344 tibi
158 1299 272 1362 prore
294 1279 423 1362 publica
445 1242 588 1363 uulnrirn,
616 1280 731 1362 quibus
752 1280 861 1344 statim
889 1280 1036 1344 laudator
1073 1312 1077 1323 ·

63 1367 103 1430 et
124 1362 215 1428 testis
238 1363 413 1448 contigisti.

131 1446 220 1513 XVI.
244 1446 307 1513 Sed
328 1451 422 1512 tanto
438 1449 540 1533 magis
562 1449 779 1532 praedicanda
796 1451 845 1512 est
855 1449 1033 1512 moderatio

62 1537 124 1598 tua
140 1532 226 1616 quod
243 1533 419 1596 innutritus
436 1533 560 1597 bellicis
574 1533 719 1597 laudibus
736 1555 848 1616 pacem
865 1554 952 1596 amas
963 1553 1033 1616 nec,
1048 1551 1078 1591 1⁵

63 1618 144 1702 qnia
165 1617 218 1681 uel
238 1621 331 1700 pater
351 1617 412 1681 tibi
438 1617 644 1700 triumphalis
672 1618 724 1680 uel
752 1617 932 1700 adoptionis
960 1619 1035 1679 tuae

63 1703 120 1766 die
136 1701 242 1765 dicata
254 1700 437 1784 Capitolino
453 1701 524 1766 Ioui
538 1702 658 1782 lamna,
681 1701 799 1764 idcirco
815 1722 853 1763 ex
869 1700 1035 1764 occasione

62 1791 158 1850 omni
179 1786 304 1868 quaeris
325 1786 515 1869 triumphos.
552 1807 618 1849 non
645 1785 738 1848 times
766 1784 849 1848 bella
875 1805 936 1848 nec
963 1805 1034 1867 pro-

63 1891 178 1934 uocaa.
214 1890 368 1954 magnum
396 1874 455 1952 est,
489 1871 664 1954 imperator
690 1872 846 1954 Auguste,
881 1890 1034 1954 magnum

62 1957 119 2019 est
146 1956 230 2018 stare
257 1955 292 2018 in
315 1954 457 2018 Danuuii
484 1955 564 2039 ripa,
594 1955 621 2019 si
643 1959 798 2038 transeas,
827 1957 948 2018 certum
976 1955 1033 2017 tri·
1047 1975 1075 2016 ao

59 2037 189 2122 umphi‚
228 2060 290 2103 nec
328 2040 491 2103 decertare
531 2061 646 2123 cupere
685 2061 758 2104 eum
795 2039 1034 2121 recusantibus3

85 2144 202 2188 uorum
224 2123 359 2188 alterum
380 2124 577 2204 fortitudine,
602 2125 738 2188 alterum
759 2124 977 2188 moderatione
989 2124 1033 2187 ef-

59 2146 182 2273 icitar.
229 2229 305 2273 nam
327 2211 364 2272 ut
383 2209 452 2292 ipse
474 2209 557 2273 nolis
580 2213 725 2292 pugnare
754 2207 955 2284 moderatim·
970 2207 1033 2271 for·

60 2292 171 2357 titudo
184 2294 242 2356 tua
255 2295 401 2376 praestat
410 2296 447 2357 ut
458 2315 560 2376 neque
575 2293 683 2358 hostes
698 2293 746 2356 tui
761 2293 872 2356 uelint.
897 2290 1034 2374 accipiet

59 2376 556 2527 trttrrrlrluttrr
578 2399 645 2524 ¹323
667 2376 1033 2542 certantur
1046 2392 1073 2431 ²⁵

251 2531 254 2536 ·
548 2511 557 2543 7

61 2566 105 2610 ac
132 2544 268 2610 solidam
295 2546 432 2632 gloriam
458 2548 677 2630 reportantem
702 2542 971 2626 tranquillitatem
1001 2547 1033 2606 et

60 2634 134 2694 tam
161 2631 308 2695 confessa
329 2631 469 2696 hostium
497 2630 649 2715 obsequia
677 2631 713 2693 ut
733 2626 911 2693 uincendus
938 2649 1032 2692 nemo

58 2713 171 2783 fuerit.
207 2717 348 2800 pulcrius
369 2715 429 2780 hoc
445 2716 592 2781 omnibus
614 2713 794 2797 triumphis.
828 2713 1032 2795 nequeenim

59 2820 215 2883 umquam
241 2800 306 2864 nisi
333 2822 373 2864 ex
401 2804 529 2865 contem
551 2804 588 2863 tu
621 2799 747 2882 imperii
779 2797 882 2861 nostri
910 2798 1032 2861 factum
1058 2813 1084 2855 ao

59 2887 114 2948 est
141 2887 179 2948 ut
203 2884 414 2950 uinceremus.
459 2823 550 2968 quoti
571 2883 598 2948 si
625 2884 696 2967 quis
724 2883 881 2947 barbarus
909 2903 964 2946 rex
994 2903 1032 2945 eo

57 2967 257 3034 insolentiae
278 2969 458 3054 furorisque
480 2968 672 3053 processerit
700 2971 736 3031 ut
761 2968 841 3030 iram
868 2969 956 3029 tuam
984 2966 1032 3030 in·

58 3108 103 3115 ..—
116 3108 190 3115 -—.
194 3110 269 3117 ...—

131 3191 219 3242 6ίεὶ
241 3200 267 3242 et
289 3207 369 3242 sacra
391 3207 437 3242 om.
461 3192 493 3240 W
522 3189 533 3258 ΙΙ
563 3187 656 3256 thio]
683 3190 775 3258 hece
804 3187 814 3253 ΙΙ
844 3186 1033 3239 9commilito

56 3275 109 3311 om.
130 3258 151 3307 B
176 3206 194 3340 ii
221 3261 251 3309 11
271 3259 351 3310 facta
369 3276 416 3312 om.
435 3260 468 3309 W
497 3257 507 3325 ΙΙ
539 3261 570 3308 12
589 3263 618 3309 et
635 3258 763 3310 laudator
781 3258 813 3306 W
842 3254 853 3322 ΙΙ
882 3257 914 3305 20
938 3260 1030 3304 certus

56 3325 292 3393 Nltnumphir
308 3328 342 3376 W
369 3325 380 3393 ΙΙ
409 3330 442 3378 23
461 3326 541 3378 nobis
558 3326 578 3374 B
596 3326 619 3373 V
648 3323 658 3390 ΙΙ
687 3327 720 3377 24
743 3325 864 3389 accipiet
882 3328 909 3372 et
926 3323 1030 3387 ergoB

58 3395 116 3443 Vr
136 3399 170 3449 (u
186 3396 237 3452 ui)
268 3392 278 3459 ΙΙ
307 3398 341 3446 26
359 3395 483 3446 mimicos
511 3395 657 3446 Liuineius:
684 3393 810 3442 inimicos
827 3393 855 3439 Μ
883 3388 893 3455 ΙΙ
923 3392 955 3442 28
973 3395 1030 3440 tam

56 3462 105 3511 W:
129 3468 225 3513 tamen
248 3463 432 3513 tvtantum
454 3463 475 3511 B
507 3459 511 3527 Ι
545 3461 679 3525 obsequia
702 3466 733 3510 ut
755 3458 906 3510 uincendus
928 3472 964 3506 w:
984 3459 1030 3508 ob·

57 3531 142 3595 aequi
160 3535 210 3580 aut
226 3530 364 3580 incendiis
382 3533 417 3585 11,
