2394 3990
178 186 242 250 304
504 187 566 238 xu.
598 185 728 239 PACATI
747 187 826 237 mu

178 339 269 420 parte
290 337 474 421 fugiebant3
502 336 536 399 hi
559 335 701 399 dolorem
725 336 892 401 uulnerum
914 339 1148 428 sequebantnr3
1184 418 1189 425 Ι

178 421 232 485 isti
256 424 373 485 mortes
396 423 540 503 receptas
562 420 597 483 in
619 419 718 497 siluas
741 422 773 484 ct
791 419 924 485 fiumina
945 421 1148 507 differebant,

178 506 245 569 illic
265 509 461 588 postremum
481 504 629 587 spiritum
651 504 686 566 in
709 503 918 569 admiratione
940 508 1079 572 nominis
1100 511 1150 575 tui
1168 522 1171 527 '

180 596 212 654 et
246 591 295 654 sui
328 590 417 653 ducis
450 588 661 652 detestatione
698 588 884 653 fundebant.
934 590 1041 656 nullus
1073 593 1149 658 finis

152 674 332 738 accedendi
354 673 620 757 insequendique,
650 673 714 736 nisi
741 673 951 738 subtraxisset
976 677 1147 760 aliquando

178 758 353 821 uictoribus
387 779 474 822 mors
506 758 630 821 hostem
664 760 696 820 11
727 779 790 821 nox
819 757 914 822 diem.
965 763 999 823 at
1026 766 1148 844 quanto
1187 814 1189 819 .

178 843 291 906 melius
320 864 433 906 manus
461 842 517 906 illa
544 841 705 906 consuluit
732 863 812 925 quae
843 843 1009 908 submissis
1036 867 1147 928 preca·

179 927 287 991 bunda
314 927 439 992 uexillis
466 929 549 1010 petit
575 927 703 990 ueniam
735 927 935 991 necessitatis
968 934 1001 992 et
1028 932 1146 995 terram
1186 976 1189 985 ·

179 1012 296 1076 osculis
324 1034 471 1096 premens
506 1010 659 1076 calcanda
688 1011 832 1095 uestigiis
861 1013 925 1075 tuis
954 1034 1087 1096 corpora
1116 1019 1148 1078 et
1185 1060 1189 1069 -

141 1116 167 1156 ro
181 1119 269 1160 arma
283 1098 433 1179 proiecit!
458 1118 550 1179 quam
571 1098 608 1158 tu
630 1116 696 1157 non
718 1095 852 1178 superbe
875 1099 911 1159 ut
925 1096 1056 1180 uictam,
1079 1120 1145 1162 non
1184 1074 1189 1187 1

178 1181 259 1245 irate
286 1184 323 1244 ut
343 1203 446 1263 ream,
476 1202 542 1244 non
571 1178 780 1262 neglegenter
807 1182 844 1242 ut
865 1202 976 1262 parum
1004 1203 1147 1247 necessa·
1186 1194 1189 1219 ¹

179 1266 258 1326 riam
281 1265 478 1346 praeteristi,
504 1263 559 1326 sed
581 1263 697 1326 blande
719 1263 954 1348 liberaliterque
976 1269 1146 1331 tractatam

178 1348 299 1410 iussisti
323 1369 390 1411 esse
414 1348 608 1410 Romanam!
648 1347 827 1430 iunguntur
855 1350 941 1413 socia
962 1351 1094 1434 agmina
1116 1355 1147 1415 et

179 1431 237 1495 sub
271 1453 335 1494 uno
370 1435 473 1514 capite
503 1432 629 1495 diuersa
661 1432 707 1494 rei
740 1433 888 1515 publicae
920 1435 1063 1498 membra
1099 1457 1146 1499 co·
1186 1436 1189 1501 ἐ

142 1536 166 1577 15
180 1517 333 1580 alescunt.
371 1518 464 1579 ambo
487 1516 558 1599 pari
578 1514 695 1600 gaudio
718 1515 865 1580 feruntur
892 1519 1058 1583 exercitus.
1095 1519 1146 1584 hic
1186 1534 1189 1547 ·

180 1624 276 1686 opera
299 1623 355 1665 sua
377 1601 510 1685 gaudet,
533 1599 586 1665 hic
608 1599 719 1663 uenia:
746 1604 879 1686 uterque
901 1603 1046 1667 uictoria.
1187 1646 1189 1651 -

243 1684 408 1750 XXXVII.
445 1687 514 1750 Nee
535 1686 589 1768 pia
611 1684 778 1748 Haemona
801 1688 1015 1767 cunctantius,
1037 1688 1091 1752 ubi
1113 1691 1145 1751 11
1187 1720 1189 1725 ·

179 1771 289 1834 adfore
304 1772 499 1852 nuntiatum,
523 1768 668 1853 impulsis
688 1771 789 1833 effusa
803 1772 905 1852 portis
928 1771 1057 1837 obuiam
1075 1793 1147 1856 pro-

179 1856 302 1918 uolauit
324 1858 369 1933 et,
400 1858 436 1918 ut
463 1859 512 1919 cst
542 1874 636 1918 omne
660 1853 850 1918 desiderium
872 1859 946 1938 post
974 1878 989 1920 s
1014 1879 1064 1921 em
1090 1858 1146 1920 im-

140 1959 165 1998 ao
179 1938 367 2020 patientius,
393 1959 506 2019 parum
530 1939 661 2002 credens
683 1941 793 2020 patere
815 1941 957 2003 uenienti
979 1880 1147 2005 AEstinauit

179 2041 343 2084 occursare
366 2024 512 2085 uenturo.
553 2022 649 2106 fingit
671 2022 813 2105 quidem,
837 2028 873 2087 ut
894 2025 1027 2109 scimus,
1051 2027 1146 2089 timor

179 2105 346 2190 gaudium,
382 2105 436 2167 sed
464 2106 510 2169 ita
538 2105 668 2168 intimos
696 2109 813 2171 mentis
842 2109 974 2173 affectus
1001 2111 1147 2193 proditor
1186 2152 1189 2159 ·

179 2191 286 2254 uultus
314 2188 462 2253 enuntiat
485 2193 521 2254 ut
541 2191 576 2253 in
599 2189 727 2273 speculo
749 2192 902 2257 frontium
930 2194 1037 2291 imago
1061 2198 1146 2259 extet

179 2276 369 2339 animarum.
414 2276 504 2339 uelut
525 2275 581 2339 illa
609 2275 720 2340 ciuitas
743 2277 882 2374 elonga
909 2277 1075 2343 obsidrone
1099 2301 1145 2343 re·

141 2378 165 2418 as
179 2362 321 2444 spirans,
358 2359 442 2442 quod
480 2382 550 2424 eam
583 2363 740 2443 tyrannus
774 2361 910 2444 Alp1bus
947 2362 1146 2427 obiacentem

178 2447 344 2527 tamquam
371 2444 447 2507 belli
475 2445 574 2510 limen
607 2446 791 2528 attriuerat,
830 2448 921 2510 tanta
953 2468 987 2510 se
1020 2451 1052 2512 et
1079 2452 1147 2512 tam

178 2529 316 2612 simplici
344 2528 538 2594 exultatione
566 2530 707 2594 iactabat
728 2533 779 2613 ut,
808 2530 843 2593 ni
872 2534 956 2595 esset
983 2553 1061 2596 uera
1082 2533 1146 2597 lae·

178 2613 265 2695 titia,
298 2613 426 2676 mimica
454 2614 623 2679 uideretur.
667 2614 815 2678 ferebant
843 2636 876 2678 se
905 2614 1018 2680 obuiae
1046 2617 1145 2700 tripu·

179 2695 336 2758 diantium
366 2699 520 2761 cateruae.
566 2701 681 2762 cuncta
704 2703 801 2764 cantu
829 2702 862 2763 et
884 2701 1014 2764 crotalis
1037 2722 1145 2785 perso·

139 2798 164 2838 so
179 2779 311 2842 nabent.
362 2778 415 2842 hic
448 2780 508 2843 tibi
541 2781 738 2865 triumphum
775 2783 905 2867 chorus,
943 2784 999 2849 ille
1032 2789 1145 2850 contra

245 3041 260 3088 2
279 3037 442 3089 deferebant
460 3039 517 3088 edd.
531 3036 541 3104 11
558 3043 573 3090 3
591 3039 634 3089 1111
652 3036 735 3104 111111
752 3041 768 3091 8
786 3039 951 3090 necessitati
968 3054 993 3089 w
1006 3037 1016 3106 ΙΙ
1032 3042 1048 3090 9
1066 3055 1144 3091 osen-

176 3104 211 3154 lis
230 3107 378 3157 Acidaiius:
401 3107 430 3156 in
449 3106 549 3157 osculis
567 3109 593 3155 Μ
623 3104 632 3172 ΙΙ
664 3109 695 3156 14
713 3107 803 3158 diuisa
820 3110 846 3157 ia
863 3108 885 3156 Δ
903 3122 958 3157 1111
975 3109 1043 3171 falae
1060 3109 1144 3171 referi

177 3172 325 3238 Solaefferas
345 3171 355 3238 ΙΙ
380 3176 411 3224 17
430 3174 577 3225 Hacinona
595 3175 671 3227 Bert.
694 3171 703 3238 ΙΙ
729 3177 760 3225 18
778 3174 933 3238 prouolauit
950 3188 975 3223 w
1033 3177 1066 3226 23
1083 3175 1142 3225 fon-

177 3240 245 3288 tium
262 3242 288 3288 Μ
306 3240 383 3292 Bari.
402 3239 524 3304 (fortium
541 3245 570 3307 0)
585 3241 590 3306 Ι
606 3246 684 3293 extat
702 3243 738 3303 Μ,
757 3258 825 3292 corr.
842 3244 975 3293 Liuineius
1030 3245 1062 3294 25
1081 3243 1143 3293 sub·

177 3306 311 3358 iacentem
323 3309 457 3358 Acidaliae
473 3306 483 3371 ΙΙ
501 3310 533 3358 28
551 3310 659 3359 mimica
676 3311 784 3372 scripsi:
802 3310 886 3360 nimia
902 3311 930 3356 li
947 3314 978 3359 nt
996 3325 1057 3361 esse
1075 3325 1143 3359 uera

178 3374 294 3437 laetitia,
314 3376 359 3425 uel
378 3376 442 3438 qnia
461 3376 556 3441 nimia,
576 3377 715 3428 uideretur
731 3378 865 3427 Acidaliae
883 3380 914 3426 ut
932 3376 1022 3429 inesse
1040 3377 1143 3429 seueris

178 3440 391 3558 laptiltiacnimia
408 3441 549 3492 uideretur
567 3446 701 3507 Witlrofias
718 3450 820 3508 specim.
841 3445 961 3497 Garatber.
980 3462 1008 3510 p.
1026 3442 1089 3509 831!
1111 3446 1142 3495 29

176 3520 207 3555 co
223 3523 239 3556 a
251 3523 276 3557 rs
