2406 4012
1192 344 1195 365 l

189 380 324 446 materia
346 378 513 461 uictoriae3
545 376 708 442 sedenim
730 376 899 460 inopinato
925 375 1064 441 consilio
1086 398 1159 441 usuc
1192 382 1195 387 '

190 465 338 548 abeundi,
361 463 508 528 simulato
531 462 646 526 nuntio
666 460 796 524 maioris
818 461 854 524 in
876 461 1037 544 superiori
1058 460 1195 539 limite}

189 231 252 294 210
507 228 555 279 1x.
585 227 738 280 mosum
757 225 838 276 rau.

189 550 344 615 tumultus
350 596 359 630 ‚
390 548 589 611 occasionem
611 545 735 610 stolidis
758 567 796 608 ac
816 544 895 608 feris
917 545 1083 609 mentibus
1105 546 1156 610 ob·

189 635 292 698 tulisti
314 635 349 696 in
370 634 480 696 nostra
502 630 662 714 ueniendi,
683 629 804 693 relictis
826 629 862 694 in
881 630 1010 693 occulto
1026 630 1155 695 ducibus
1193 666 1195 701 ÷

164 719 244 802 squi
267 738 393 781 securos
416 715 625 779 adorirentur.
655 735 811 798 quocum
834 714 863 778 ei
885 714 1065 797 uenissent,
1087 735 1155 779 con·
1193 756 1195 787 :

190 803 296 867 silium
317 805 408 865 tuum
430 801 572 883 sequitur
592 799 733 863 fortuna.
765 801 835 862 toto
858 798 966 863 Rheni
989 799 1084 863 alueo
1105 820 1154 883 op

189 887 276 971 pleto
291 885 427 950 nauibus
442 884 592 949 deuectus
603 888 705 948 terras
720 904 829 947 eorum
843 904 880 946 ac
892 883 1006 947 domos
1020 886 1155 947 maestes

182 973 400 1056 ¹lugentesque
427 970 598 1052 populatus
626 990 659 1033 es
686 970 878 1050 tantamque
910 967 1037 1032 cladem
1064 967 1154 1031 uasti·

190 1059 352 1139 tatemque
374 1054 520 1138 periurae
548 1053 640 1138 genti
660 1052 799 1116 intulisti
826 1054 863 1115 ut
884 1054 960 1135 post
982 1052 1039 1115 uix
1060 1052 1154 1115 ullum
1193 1096 1195 1103 -

153 1162 178 1200 ιο
191 1163 310 1205 nomen
331 1139 480 1202 habitura
502 1137 554 1201 sit.

254 1223 374 1287 XXIII.
403 1222 452 1286 Ite
474 1243 562 1286 nune
584 1242 710 1304 omnes,
734 1220 762 1284 si
782 1222 903 1305 placet,
927 1220 1085 1285 barbarae
1106 1240 1154 1283 na

190 1309 295 1371 tiones
329 1311 362 1370 et
389 1305 532 1370 exitiales
564 1305 656 1370 uobis
683 1309 811 1369 mouete
842 1308 994 1369 conatus:
1031 1304 1153 1368 habetis

191 1391 380 1474 exemplum.
425 1391 571 1487 quamuis
601 1391 686 1454 enim
707 1386 1021 1487 imperator'noster
1043 1389 1154 1453 amieo-

153 1472 1155 1642 15tltetsslttltttllttttttlitttuttttt

192 1650 225 1711 et
246 1645 369 1724 colitur,
394 1644 504 1729 augeri
519 1647 628 1708 tamen
644 1642 780 1727 gloriam
801 1642 930 1706 uirtutis
947 1663 1025 1706 suae
1040 1641 1155 1727 gaudet

192 1730 340 1813 quotiens
367 1731 567 1812 prouocatur.
611 1749 688 1790 nam
715 1727 790 1810 quid
818 1728 877 1791 hoo
900 1726 1067 1810 triumpho
1092 1725 1154 1809 pul·

192 1813 302 1877 orius?
324 1834 386 1895 quo
401 1813 550 1876 caedibus
566 1811 707 1876 hostium
724 1812 826 1874 utitur
846 1811 942 1874 etiam
957 1810 1000 1874 ad
1014 1814 1153 1875 nostrum

192 1898 334 1960 omnium
363 1897 560 1979 uoluptatem
589 1898 621 1960 et
647 1917 797 1979 pompam
825 1916 995 1959 munerum
1022 1895 1063 1959 de
1088 1894 1153 1958 reli·

153 1998 178 2037 eo
193 1980 275 2062 quiis
292 1979 478 2044 barbaricae
494 1979 593 2043 cladis
613 1983 795 2064 exaggerat,
817 1982 943 2043 tantam
958 1979 1153 2063 captiuorum

191 2062 429 2127 multitudinem
456 2063 566 2128 bestiis
594 2063 734 2128 obitiens
767 2068 804 2126 ut
831 2063 954 2147 ingrati
988 2067 1021 2127 et
1047 2060 1153 2148 perfidi

191 2169 257 2211 non
271 2148 377 2210 minus
392 2146 510 2210 doloris
532 2169 570 2211 ex
585 2147 721 2211 ludibrio
739 2148 787 2211 sui
802 2169 897 2231 quam
917 2170 955 2211 ex
969 2147 1042 2232 ipsa
1057 2150 1152 2212 morto

191 2232 367 2317 patiantur.
396 2231 471 2296 inde
493 2233 651 2316 estquod,
674 2253 745 2295 cum
768 2233 889 2296 exitum
910 2231 1040 2296 differre
1055 2232 1151 2313 liceat

191 2319 296 2402 perire
318 2316 474 2381 festinant
495 2338 626 2400 seseque
643 2315 793 2380 letalibus
816 2316 1003 2381 uulneribus
1026 2319 1060 2380 et
1080 2336 1152 2379 mor·

155 2418 180 2459 25
193 2403 280 2467 sibus
304 2402 450 2466 offerunt.
494 2423 532 2466 ex
554 2423 616 2485 quo
639 2402 708 2484 ipso
730 2403 865 2483 apparet
886 2422 983 2484 quam
1005 2418 1151 2486 magnum
1185 2396 1190 2405 '

193 2488 235 2551 sit
257 2487 372 2550 uicisse
393 2490 461 2550 tam
483 2486 636 2570 prodigos
659 2485 717 2548 sui.

256 2569 374 2635 XXIV.
426 2570 535 2634 Facile
564 2573 613 2634 est
643 2571 773 2633 uincere
799 2569 929 2633 timidos
963 2572 998 2633 et
1027 2568 1150 2633 inbelles
1187 2582 1195 2599 ¹

192 2654 301 2735 quales
324 2674 457 2717 amoena
473 2653 625 2719 Graeciae
647 2658 679 2718 et
702 2653 833 2717 deliciae
855 2653 988 2717 orientis
1012 2652 1150 2732 educunt

192 2735 247 2798 uix
269 2735 339 2800 leue
361 2735 495 2819 pallium
523 2740 555 2800 et
577 2738 695 2803 sericos
721 2738 809 2803 sinus
831 2736 965 2802 uitanda
994 2739 1062 2802 sole
1083 2735 1151 2800 tole·

261 2943 275 2989 1
295 2941 343 2991 sed
360 2943 503 3007 inopinato
522 2942 555 3006 (A
567 2958 604 2995 w:
625 2951 666 2994 -te
683 2944 779 3006 ΒΗ)
798 2943 914 2993 oonsilio
932 2957 1008 2994 usus.
1036 2938 1152 2994 abeundo

193 3007 322 3066 (abeundi
344 3009 379 3073 w)
404 3012 475 3060 enlm
498 3012 588 3062 simul.
604 3012 644 3072 Μ,
671 3013 820 3075 transposui
840 3010 911 3059 enim
939 3007 950 3076 fl
978 3013 995 3061 2
1019 3008 1152 3075 superiore

192 3077 321 3125 BGVW
344 3076 348 3141 Ι
384 3081 399 3128 3
421 3075 499 3143 seris]
519 3079 613 3129 ferinis
631 3093 661 3142 u,
679 3080 738 3129 edd.
761 3075 771 3142 ΙΙ
801 3079 862 3128 bei
880 3093 939 3130 uen.
958 3094 1022 3141 epo:
1041 3074 1153 3128 euan

192 3160 253 3195 uen.
272 3152 331 3195 cett.
377 3148 392 3195 ‘l
410 3151 532 3196 maestas
550 3147 647 3196 BGV:
665 3146 796 3195 maiestas
812 3146 834 3193 A
853 3146 979 3196 funestas
998 3159 1024 3194 w
1040 3143 1051 3210 1
1068 3147 1085 3196 8
1102 3150 1153 3193 nu-

192 3208 315 3279 tumque]
335 3216 463 3277 tanquam
482 3216 499 3262 G
523 3213 533 3279 l
557 3218 572 3265 9
591 3215 637 3262 uir
655 3230 702 3264 om.
720 3214 742 3261 A
757 3212 762 3275 Ι
782 3212 869 3262 ullum
887 3227 925 3262 w:
945 3212 1025 3263 illum
1043 3213 1066 3261 A
1084 3211 1153 3263 Bere.

191 3279 261 3330 illud
279 3280 300 3327 B
318 3280 376 3327 GV
399 3278 408 3344 ΙΙ
438 3283 470 3329 12
489 3296 566 3332 moue
585 3283 608 3330 A
631 3279 641 3346 ΙΙ
666 3284 698 3331 13
716 3280 788 3330 enim
807 3296 879 3329 nunc
897 3281 1003 3346 imp.A
1027 3278 1038 3345 ΙΙ
1064 3282 1154 3331 1411}-

193 3347 233 3395 let
250 3360 275 3394 w
304 3345 314 3411 ss
344 3348 376 3397 15
395 3348 511 3396 uictoria
529 3362 567 3397 w:
585 3348 705 3399 uictoria
722 3349 749 3395 Η
773 3346 783 3412 ΙΙ
807 3351 839 3397 19
857 3348 1032 3414 uoluptatem
1048 3348 1096 3397 W:
1113 3360 1156 3397 uo·

191 3411 326 3463 luntatem
344 3416 367 3463 A
384 3416 405 3463 B
423 3415 481 3463 GV
511 3413 520 3479 l
550 3419 583 3467 20
601 3420 708 3467 tantam
729 3431 763 3465 ue
781 3417 917 3466 Aeiduliur
945 3413 956 3481 {l
985 3418 1019 3467 21
1038 3415 1157 3467 obiciam

193 3494 253 3541 epo.-
272 3480 391 3530 obicint
409 3482 549 3542 obicItv,
568 3486 627 3534 edd.
655 3481 660 3548 Ι
686 3432 729 3547 ull
749 3499 795 3533 om.
815 3484 832 3531 c
850 3488 878 3532 et
895 3482 971 3538 Bere.
1000 3480 1013 3549 l
1041 3484 1077 3535 24
1094 3496 1158 3534 mor·

193 3545 268 3596 sibus
285 3548 393 3611 scripsi:
413 3549 547 3601 mortibus
565 3552 593 3599 A
615 3548 626 3616 ll
645 3552 682 3621 ,28
701 3550 795 3616 grecie
811 3557 840 3600 et
856 3551 879 3599 A
895 3550 916 3599 B
934 3550 958 3598 V
