2406 4012
135 162 178 228 34
455 163 478 214 1.
515 163 546 215 c.
566 161 684 215 Puluu
702 160 782 213 Pau.

133 314 234 380 animi
260 314 308 378 tui
336 312 526 398 magnitudo
558 333 654 396 quam
676 309 762 395 quod
784 310 956 395 optimust
981 332 1016 376 se
1038 333 1110 377 non

133 399 270 464 timuisti
293 398 412 482 eligere
433 396 605 462 meliorem.
636 397 691 461 sed
714 398 747 460 et
767 399 814 480 tu,
836 399 930 481 pater
1017 396 1106 480 iane,

135 484 225 568 (nam
252 487 289 548 tu
316 503 454 567 quoque,
484 482 511 545 si
538 501 606 545 non
633 480 753 563 sidera,
786 481 967 565 proximam
994 484 1111 547 tamen

135 569 291 634 sideribus
313 566 440 631 obtines
462 566 584 650 sedem)
613 567 767 649 quantam
793 566 933 650 percipis
955 565 1110 651 uolupta-

108 655 209 733 stem,
234 673 306 717 oum
327 650 419 715 illum
440 651 617 734 tribunum,
644 650 735 715 illum
757 650 893 715 militem
913 654 1006 715 tuum
1035 655 1110 716 tan·

134 741 204 801 tum
217 737 454 820 imperatorem,
477 737 607 800 tantum
626 735 807 820 principem
830 734 944 818 cernis,
970 757 1110 820 cumque

135 842 172 886 eo
187 821 242 905 qui
257 820 426 906 adoptauit
446 820 638 885 amicissime
660 818 828 885 contendis
848 819 991 905 pulcrius
1005 820 1111 886 fuerit

134 906 285 1004 genuisse
312 906 410 970 talem
438 928 480 971 an
508 905 658 990 elegisse!
688 906 790 969 macte
819 908 952 988 uterque
974 905 1110 991 ingenti

134 1013 171 1055 m
192 1013 260 1056 rem
281 991 445 1076 publicam
465 991 589 1073 merito,
620 988 670 1055 oui
691 989 754 1054 hoo
775 993 903 1055 tantum
924 989 1002 1054 boui
1027 1010 1105 1055 con-

78 1093 122 1151 ,ιο
135 1075 271 1141 tulistis!
302 1077 378 1141 licet
400 1075 493 1140 alteri
515 1078 657 1140 uestrum
678 1072 736 1138 filii
755 1074 858 1140 uirtus
880 1073 1106 1159 triumphalia,

136 1162 259 1225 caelum
281 1161 373 1224 alteri
396 1160 534 1241 dederit,
562 1181 629 1224 non
650 1160 754 1223 minor
774 1161 883 1224 tamen
904 1162 1013 1224 uestra
1036 1160 1109 1225 laus

135 1245 220 1328 quod
241 1246 304 1307 ista
324 1266 383 1328 per
403 1244 505 1308 filium
528 1265 622 1327 quam
645 1245 671 1308 si
694 1246 756 1328 ipsi
778 1244 985 1309 meruissetis.

192 1327 258 1395 XO.
281 1326 363 1410 Scio,
377 1331 484 1410 patres
501 1329 682 1412 conscripti,
704 1351 775 1395 oum
792 1333 916 1394 ceteros
932 1329 1019 1394 ciues
1035 1333 1110 1394 tum

133 1413 306 1497 praecipue
327 1412 475 1477 consules
505 1417 651 1497 oportere
678 1414 724 1478 sic
753 1413 840 1478 affici
862 1416 900 1478 ut
921 1435 955 1478 se
976 1414 1109 1497 publice

98 1514 123 1556 15
136 1498 242 1583 magis
262 1519 357 1582 quam
377 1497 528 1582 priuatim
548 1498 709 1582 obligatos
729 1501 856 1582 putent.
886 1501 923 1562 ut
938 1499 1025 1562 enim
1040 1521 1110 1564 ma

135 1584 183 1649 los
204 1583 366 1668 principes
387 1583 504 1648 rectius
524 1583 730 1667 pulcriusque
751 1587 800 1648 est
821 1605 860 1647 ex
882 1584 1110 1648 communibus

135 1669 261 1733 iniuriis
292 1668 397 1734 odisse
432 1690 527 1752 quam
560 1667 714 1751 propriis,
748 1668 794 1731 ita
822 1669 901 1732 boni
930 1668 1111 1752 speciosius

136 1757 286 1817 amantur
307 1754 348 1818 ob
371 1776 408 1817 ea
430 1775 509 1836 quae
532 1754 642 1837 generi
664 1751 804 1818 humano
826 1774 922 1836 quam
944 1773 1026 1836 quae
1050 1753 1111 1818 ho-

136 1838 276 1901 minibus
309 1839 485 1920 praestant.
524 1837 599 1920 quia
630 1839 740 1901 tamen
771 1838 806 1901 in
840 1838 1110 1903 consuetudinem

98 1938 123 1978 ao
136 1922 234 1984 uertit
253 1924 290 1984 ut
309 1921 455 1985 consules
477 1920 607 2004 publica
632 1922 810 2005 gratiarum
831 1922 957 1987 actione
979 1921 1111 2006 perlata

137 2005 498 2154 traiecturus
514 2006 1111 2177 resurrecturam

290 2138 298 2171 θ

137 2175 199 2238 isto
221 2195 317 2259 quam
338 2196 396 2260 pro
418 2174 543 2260 collega
563 2195 635 2239 meo
657 2173 799 2240 Cornuto
822 2176 975 2259 Tertullo,
998 2176 1110 2242 claris-

138 2260 218 2324 simo
247 2261 332 2344 uiro,
360 2260 463 2345 fungi.
507 2281 564 2324 our
596 2258 682 2324 enim
716 2282 783 2324 non
811 2283 868 2344 pro
895 2262 951 2326 illo
980 2281 1110 2345 quoque

100 2360 126 2401 2⁵
139 2346 259 2430 gratias
282 2366 388 2430 agam,
409 2367 468 2430 pro
483 2367 546 2430 quo
561 2365 627 2410 non
647 2344 753 2410 minus
775 2345 896 2414 debeo?
916 2347 1110 2430 praesertim

140 2452 211 2495 oum
234 2431 532 2517 indulgentissimus
553 2431 729 2515 imperator
748 2430 784 2493 in
804 2430 974 2495 concordia
994 2433 1111 2496 nostra

139 2537 176 2579 ea
197 2516 397 2598 praestiterit
419 2517 573 2580 ambobus
596 2537 689 2599 quae,
713 2515 889 2580 sitantum
911 2515 945 2579 in
968 2514 1111 2581 alterum

139 2600 338 2680 contulisset,
350 2600 462 2663 ambos
472 2603 581 2663 tamen
592 2599 766 2682 aequaliter
776 2599 960 2697 obligasset.
984 2602 1111 2665 utrum-

162 2703 200 2745 ue
221 2684 366 2745 nostrum
388 2682 443 2746 ille
465 2683 579 2765 optimi
601 2685 751 2768 cuiusque
771 2684 927 2769 spohator
948 2685 981 2749 et
1002 2685 1111 2749 carni-

100 2783 126 2823 ao
139 2704 193 2830 ier
215 2767 281 2827 stra
308 2764 378 2828 'bus
406 2765 581 2831 amicorum
608 2769 702 2831 etin
728 2770 909 2854 proximum
935 2769 1019 2833 iacto
1042 2767 1111 2833 ful-

140 2849 226 2914 mine
258 2847 445 2914 aflauerat,
481 2850 583 2915 isdem
616 2852 701 2916 enim
734 2854 846 2920 amicis
878 2853 1110 2940 gloriabamur,

140 2933 267 2998 eosdem
289 2933 421 2999 amissos
443 2935 643 3021 lugebamus,
666 2959 704 3002 ac
726 2938 810 3003 siout
829 2959 914 3005 aune
935 2958 1006 3021 spes
1029 2959 1110 3022 gau·

141 3019 306 3104 diumque‚
335 3019 382 3083 ita
409 3022 487 3085 tunc
515 3022 692 3087 communis
718 3023 811 3088 nobis
834 3023 925 3087 dolor
947 3026 980 3087 et
1001 3025 1111 3088 metus

141 3109 218 3168 erat.
248 3103 406 3169 habuerat
426 3104 512 3170 hunc
532 3106 687 3171 honorem
706 3108 857 3192 periculis
872 3107 991 3172 nostris
1014 3106 1110 3173 diuus

209 3297 224 3345 3
243 3310 305 3344 nam
329 3299 357 3343 et
378 3297 409 3343 tu
432 3298 576 3358 quoquot}
599 3294 609 3362 ΙΙ
633 3298 648 3346 7
668 3296 754 3347 luerit
777 3298 923 3348 Liuineius:
947 3295 1035 3348 luisse
1054 3297 1082 3344 1
1100 3295 1110 3362 ll

142 3363 173 3410 11
192 3375 246 3411 non
264 3362 347 3413 miror
365 3359 400 3427 cll
410 3363 441 3411 12
452 3361 523 3426 quod
556 3378 636 3428 quam
654 3366 672 3411 (l
695 3361 705 3429 11
729 3366 762 3415 20
780 3361 900 3430 perlata]
921 3368 1038 3430 peracta
1056 3363 1110 3414 Er-

141 3430 244 3479 nestiaa.
262 3431 344 3479 malim
361 3434 490 3494 perorata
518 3426 522 3493 Ι
556 3432 589 3482 23
612 3430 712 3481 tertulo
736 3445 797 3480 mr
825 3430 835 3497 ss
863 3433 897 3483 25
920 3447 975 3484 non
998 3449 1046 3485 om.
1064 3433 1082 3479 c
1099 3430 1110 3497 ΙΙ

141 3497 175 3544 29
193 3494 234 3545 illi
253 3497 271 3544 <l
292 3493 302 3560 ΙΙ
323 3497 356 3546 30
374 3497 484 3549 flumine
504 3499 521 3546 0
545 3494 555 3561 ΙΙ
579 3499 612 3550 32
630 3513 702 3549 nuno
721 3513 749 3564 ςε
768 3514 815 3550 om.
832 3501 860 3547 x
