2406 4012
142 188 182 251 18
462 189 484 238 I.
520 187 551 242 0.
570 188 687 238 PLINll
704 188 785 238 PAN.
1097 39 1154 353 Ῑ

141 338 297 402 uehiculis
320 338 489 418 tumultus,
513 337 637 402 nullum
660 337 745 401 circa
765 336 907 421 hospitia
928 336 1115 424 fastidium,
1144 356 1154 387 ¹

143 444 273 487 annona
294 443 374 506 quae
396 421 525 506 ceteris3
551 423 590 485 ad
614 422 676 485 hoc
699 421 867 486 comitatus
891 422 1059 487 accinctus
1081 427 1115 489 et
1144 418 1154 519 sq'

94 544 103 573 ·.
141 529 271 591 parcus:
310 507 432 570 diceres
459 527 612 590 magnum
639 506 777 589 aliquem
799 506 912 570 ducem
940 528 978 571 ac
1000 511 1035 572 te
1057 530 1112 592 po·
1147 532 1154 603 ξ

142 593 301 656 tissimum
317 591 358 655 ad
374 591 532 654 exercitus
547 591 608 656 ire:
632 590 710 654 adeo
725 590 808 654 nihil
825 593 881 654 aut
896 593 982 655 certe
997 614 1113 675 parum
1148 608 1154 645 ¹-

115 701 129 740 a
142 678 297 740 intererat
313 676 398 739 inter
412 676 638 757 imperatorem
653 675 774 739 factum
790 677 822 738 et
836 675 991 739 futurum.
1015 698 1112 760 quam
1151 664 1154 737 i

143 760 306 824 dissimilis
327 781 430 843 nuper
450 759 580 824 alterius
594 760 750 844 principis
764 761 934 824 transitus!
958 760 987 824 si
1002 763 1113 825 tamen
1149 774 1154 841 1

141 845 297 910 transitus
318 844 388 927 ille,
418 866 485 908 non
507 845 672 928 populatio
693 845 773 927 fuit,
803 866 874 907 oum
899 845 1034 909 abactus
1057 847 1112 909 ho
1152 852 1154 923 ζ

142 930 274 1014 spitium
301 929 449 992 exederet
476 930 645 1012 omniaque
670 929 782 993 dextra
804 928 957 1013 laeuaque
978 916 1126 1012 perusta*
1151 958 1154 1015 ξ

143 1020 175 1078 et
196 1015 319 1099 attrita,
341 1016 377 1077 ut
400 1014 427 1078 si
448 1014 498 1077 uis
521 1014 628 1098 aliqua
649 1013 700 1077 uel
722 1013 785 1096 ipsi
806 1012 854 1076 illi
877 1013 1008 1078 barbari
1030 1035 1113 1098 quos
1152 1032 1154 1085 ζ

103 1099 289 1183 aufugiebat
320 1098 501 1163 inciderint.
545 1098 802 1181 persuadendum
831 1099 1008 1180 prouinciis
1042 1103 1112 1163 erat

142 1184 220 1248 illud
247 1184 309 1246 iter
337 1181 514 1246 Domitiani
541 1183 655 1265 fuisse,
691 1204 758 1246 non
789 1183 955 1266 principis.
1001 1183 1110 1267 itaque

142 1290 209 1332 non
230 1270 298 1330 tam
320 1288 378 1349 pro
400 1269 457 1329 tua
477 1267 580 1350 gloria
602 1289 696 1350 quam
712 1289 771 1350 pro
786 1268 925 1331 utilitate
949 1268 1112 1332 communi

143 1352 246 1416 edicto
270 1350 433 1415 subiecisti
449 1350 524 1433 quid
546 1351 581 1415 in
595 1356 765 1435 utrumque
788 1354 930 1415 uestrum
953 1356 1040 1416 esset
1053 1354 1110 1417 im·

143 1459 289 1521 pensum.
320 1445 483 1499 assuescat
503 1437 677 1519 imperator
700 1458 773 1501 cunr
794 1436 928 1519 imperio
952 1437 1112 1501 calculum

105 1545 130 1584 ¹⁵
143 1521 575 1688 &tratti-ululatui
588 1521 1112 1670 apsqqqeqmqaaqeqqffi

143 1693 291 1756 absumat
312 1656 397 1774 q'uod
418 1690 538 1773 pudeat
560 1628 879 1774 edicere.ppracterea
900 1689 1002 1754 futuri
1024 1692 1111 1774 prin·

143 1777 239 1860 cipes,
261 1776 363 1839 uelint
377 1776 492 1872 nolint,
516 1775 622 1838 sciant
642 1778 726 1838 tanti
747 1796 809 1840 suo
829 1777 948 1872 itinero
969 1780 1113 1841 constare

143 1863 249 1926 (ledere
276 1864 390 1941 quarata
422 1863 513 1922 tuum
547 1862 687 1938 constat,
724 1862 958 1942 propositisque
986 1851 1112 1923 duobus

105 1969 130 2007 ro
144 1944 297 2092 qnemplis
313 1942 531 2090 hmeminerint
556 1943 688 2092 ppriqrde
716 1945 933 2092 οοηὶθοῗπζηι
955 1944 1112 2093 dequlqrid

166 2051 203 2092 us
226 2050 291 2091 surs
337 2047 461 2090 ommes
484 2049 552 2090 esse
589 2050 625 2092 ac
641 2050 728 2111 uros,
754 2051 835 2112 prou
896 2049 934 2092 oc
955 2050 995 2092 ue
1031 2051 1042 2092 1
1070 2051 1089 2092 u

144 2113 192 2177 ele
217 2113 310 2177 erint.

193 2135 295 2262 gXXI.
314 2198 432 2264 Nonne
443 2199 493 2263 his
506 2203 555 2264 tot
564 2200 728 2282 tantisque
738 2198 860 2263 meritis
871 2218 974 2262 nouos
985 2197 1112 2281 aliquos

144 2283 290 2366 honores,
312 2306 414 2348 uouos
436 2285 546 2349 titulos
568 2283 755 2349 merebare?
777 2286 811 2346 at
832 2286 869 2346 tu
891 2282 988 2346 etiam
1010 2282 1111 2365 patris

105 2391 131 2430 25
144 2369 266 2451 patriae
288 2370 467 2435 recusabas.
507 2392 603 2454 quam
623 2370 722 2453 longa
742 2368 835 2431 nobis
859 2389 928 2430 eum
952 2367 1112 2431 modestia

143 2457 198 2516 tua
219 2458 345 2537 pugna!
369 2477 466 2538 quarn
488 2455 577 2518 tarde
600 2454 749 2517 uicimus!
772 2473 893 2516 nomen
910 2451 1001 2533 illud,
1026 2450 1111 2534 quod

144 2538 197 2600 alii
219 2541 323 2621 primo
349 2541 459 2603 statim
480 2540 679 2622 principatus
701 2537 766 2621 die,
795 2539 832 2599 ut
852 2536 1057 2619 imperatoris
1080 2537 1111 2599 et

144 2620 306 2705 Caesaris,
334 2625 539 2705 receperunt,
568 2627 603 2686 tu
625 2644 724 2705 usque
751 2643 788 2686 eo
811 2620 979 2702 distulisti,
1009 2620 1112 2684 donec

143 2709 179 2767 tu
208 2726 346 2789 quoque,
377 2706 602 2771 beneficiorum
629 2710 756 2771 tuorum
783 2705 988 2789 parcissimus
1017 2704 1113 2769 aesti-

211 2915 227 2962 3
246 2928 345 2976 parcus
358 2913 448 2976 Casa:
466 2928 566 2977 parens
577 2915 605 2961 li
616 2912 654 2980 116
672 2911 771 2978 nuper]
790 2913 950 2976 imperatori
969 2914 986 2960 0
1001 2910 1006 2972 Ι
1023 2916 1114 2962 trans-

143 2980 199 3028 itus
217 2981 350 3045 principis
369 2981 391 3028 V
407 2978 417 3045 ΙΙ
435 2984 449 3031 7
468 2981 661 3044 hospociumV
681 2980 691 3046 ΙΙ
713 2984 729 3031 8
747 2980 871 3030 exederet
889 2995 950 3043 epo:
970 2986 1116 3031 exerceret

143 3047 175 3093 W
194 3052 322 3097 exereret
334 3048 357 3095 V
375 3053 501 3099 exereret
513 3051 560 3098 Bc
573 3046 582 3114 ΙΙ
596 3053 611 3100 9
629 3049 673 3099 illi
690 3066 736 3099 om.
749 3049 782 3098 W
798 3047 845 3096 uel
856 3048 876 3094 B
889 3043 899 3111 ΙΙ
914 3050 945 3096 10
955 3046 1115 3096 inciderent

143 3116 179 3173 it,
198 3132 269 3167 corr.
288 3116 447 3166 Schwarzius
464 3116 627 3168 incidissent
644 3118 775 3181 Hauptius
792 3118 809 3166 l.
827 3119 843 3164 l.
861 3132 887 3178 p.
906 3118 940 3162 27
951 3113 962 3180 ΙΙ
993 3116 1025 3164 15
1043 3120 1115 3164 tum·

144 3179 238 3247 quam]
260 3184 368 3246 quasit
386 3181 395 3248 ΙΙ
415 3187 445 3235 16
463 3185 503 3234 ita
522 3184 567 3233 fiet
583 3211 617 3220 -
636 3188 666 3234 17
685 3185 824 3249 principes
843 3199 889 3232 orrr.
903 3182 936 3231 W
953 3183 1015 3233 add.
1033 3199 1116 3248 morp.

141 3266 175 3299 m.
188 3265 239 3299 rec.
254 3246 264 3313 ΙΙ
278 3251 309 3299 18
328 3252 418 3301 sciant
436 3254 507 3302 tanti
529 3256 604 3301 tuum
624 3250 741 3315 (tantum
758 3252 786 3315 0)
805 3256 915 3300 constat
932 3253 967 3314 it,
985 3252 1115 3314 supplent.

144 3319 235 3367 sciant
249 3319 320 3367 tanti
337 3319 388 3369 iter
402 3325 478 3369 tuum
497 3324 607 3370 constat
620 3320 804 3369 Ritterslrusius
822 3319 913 3368 sciant
925 3318 1024 3382 quanti
1037 3322 1115 3367 tuum

144 3390 253 3434 constet
264 3386 405 3438 &onorius
417 3392 507 3438 sciant
519 3388 591 3436 tanti
603 3392 731 3437 constare
743 3391 874 3450 quantum
888 3390 997 3436 constat
1006 3385 1117 3435 Momm-

142 3468 219 3503 seuus
239 3451 249 3518 ΙΙ
272 3457 302 3505 19
324 3457 530 3521 propositisque
551 3457 568 3503 (1
586 3455 619 3504 W
639 3453 649 3519 ΙΙ
670 3457 702 3504 23
724 3470 779 3504 non
802 3454 846 3502 his
865 3454 887 3501 V
907 3451 917 3517 ΙΙ
938 3456 971 3503 27
994 3453 1118 3518 impera-

142 3524 232 3571 torum
251 3523 289 3572 W.
