2406 4012
175 203 236 268 178
480 204 555 271 ,vm
583 200 730 255 monsrr
748 202 829 253 ssu.

173 354 320 439 profecto
342 354 431 417 illam
448 373 572 498 quoque
594 352 736 415 numinis
751 352 801 415 tui
821 350 928 416 sedem
952 355 986 415 ct
1001 351 1149 417 calentes

174 460 270 524 aquas
300 439 368 503 sine
390 438 455 501 ullo
483 437 543 500 soi
566 436 705 500 ardentis
729 435 864 517 indicis,
893 457 1028 520 quarum
1056 437 1148 503 nulla

173 524 308 588 tristitia
335 526 384 587 est
405 521 527 604 saporis
555 524 610 584 aut
630 519 764 603 halitus,
794 520 851 585 sed
871 521 945 584 talis
968 520 1092 585 haustu
1115 526 1148 586 et

175 610 269 673 odore
291 607 456 671 sinceritas
479 605 580 688 qualis
603 604 742 668 fontium
763 604 965 689 frigidorum.
996 606 1093 671 dabis
1115 611 1148 672 st

149 692 241 757 siIIic
268 712 417 774 munera,
453 690 627 754 constitues
655 689 841 774 priuilegia,
874 691 979 773 ipsam
1008 689 1147 775 denique

173 777 311 861 patriam
330 797 434 839 msam
449 775 550 858 ipsius
565 773 627 838 loci
648 775 855 838 ueneratione
872 775 1033 839 restitues.
1058 777 1145 840 cuius

175 861 315 926 ciuitatis
343 861 476 943 antiqua
503 858 654 923 nobilitas
682 862 715 923 et
735 858 896 943 quondam
917 859 1064 925 fraterno
1092 882 1145 944 po·

175 946 243 1031 puli
265 944 405 1009 Romani
433 945 564 1008 nomine
586 943 725 1028 gloriata
753 965 847 1026 opem
868 946 942 1007 tuae
965 945 1145 1009 maiestatis

176 1033 323 1115 expectat
329 1080 338 1114 ,
375 1033 412 1094 ut
443 1029 509 1092 illie
543 1048 666 1112 quoque
698 1027 770 1091 loca
799 1029 929 1111 publica
963 1033 997 1093 ct
1023 1031 1143 1114 templs

138 1135 162 1174 ιο
176 1116 391 1200 pulcherrima
414 1117 470 1177 tua
491 1112 683 1185 liberalitate
705 1114 909 1196 reparentur,
933 1113 1030 1177 sicuti
1053 1115 1142 1179 uideo

175 1201 260 1263 hanc
286 1199 573 1262 fortunatissimam
602 1197 779 1276 ciuitatem,
813 1198 901 1260 cuius
929 1198 1051 1262 natalis
1079 1198 1142 1263 dies

175 1287 232 1347 tua
253 1283 373 1366 pietate
396 1281 587 1362 celebratur,
616 1282 664 1344 ita
693 1283 816 1346 cunctis
844 1282 1015 1346 moenibus
1042 1304 1141 1347 resur·

176 1370 307 1451 gentem
333 1369 370 1430 ut
399 1387 432 1429 sc
454 1365 686 1449 quodammodo
709 1365 849 1451 gaudeat
873 1366 950 1430 olim
975 1369 1140 1451 corruisse,

177 1454 297 1515 auctior
318 1451 384 1514 tuis
406 1450 492 1514 facta
513 1450 686 1514 beneficiis.
712 1451 805 1515 uideo
829 1451 946 1515 circum
969 1453 1142 1516 maximum

139 1554 163 1593 1⁵
178 1537 351 1620 aemulum,
374 1535 483 1618 cred0,
506 1534 666 1618 Romans,
689 1535 781 1599 uIdcc
802 1535 950 1599 basilicas
975 1539 1008 1600 et
1028 1537 1142 1619 forum,

178 1643 274 1705 opera
300 1622 403 1706 regia,
434 1619 602 1704 sedemque
629 1620 770 1684 iustitiae
798 1620 834 1683 in
857 1623 982 1684 tantam
1005 1620 1144 1685 altitudi-

176 1728 250 1770 nem
272 1706 420 1771 suscitari
442 1709 479 1769 ut
494 1726 527 1770 sc
548 1705 703 1770 sideribus
725 1707 757 1768 ct
773 1704 859 1769 caelo
876 1705 1032 1789 contigua
1055 1708 1089 1770 et
1103 1704 1144 1769 ui-

178 1792 250 1856 cina
272 1792 471 1874 promittant.
517 1811 597 1873 quae
626 1793 711 1853 certe
739 1789 848 1853 omnia
871 1792 946 1853 sunt
968 1790 1145 1873 praesentis

178 1897 320 1942 munera.
350 1896 567 1959 quaecumque
587 1875 673 1937 enim
695 1873 765 1937 Ioca
780 1874 1041 1957 frequentissime
1057 1878 1145 1940 tuum

139 1976 165 2015 2⁰
178 1980 298 2022 numen
319 1959 471 2041 illustrat,
495 1960 530 2022 in
549 1959 599 2022 his
623 1959 731 2022 omnia
754 1961 786 2022 ct
799 1958 984 2022 hominibus
1008 1962 1042 2023 ct
1065 1980 1145 2024 moe

178 2042 273 2106 nibus
302 2065 341 2106 cx
362 2044 547 2107 muneribus
570 2047 633 2109 tuis
660 2046 835 2127 augentur3
867 2064 927 2107 nce
949 2044 1057 2129 magis
1079 2044 1147 2108 Ioui

179 2130 211 2191 ct
232 2127 350 2191 Iunoni
376 2127 604 2192 recubantibus
631 2146 734 2191 nouos
757 2128 850 2191 flores
872 2130 958 2192 terra
987 2129 1148 2193 summisit

179 2234 273 2297 quam
296 2214 380 2278 cirea
402 2216 467 2297 tua,
492 2211 714 2295 Constantine,
738 2213 875 2297 uestigia
897 2213 992 2276 urbes
1015 2216 1049 2277 et
1070 2216 1149 2278 tem·

178 2298 233 2382 pla
261 2301 470 2383 consurgunt.
514 2298 648 2380 ideoque
670 2296 732 2360 hoc
759 2298 843 2360 uotis
867 2298 946 2361 meis
969 2298 1094 2362 suffieit
1114 2302 1150 2361 ut

140 2400 165 2439 2⁵
177 2385 317 2468 patriam
346 2406 451 2448 meam
480 2381 588 2446 uideas
612 2381 746 2446 ducente
768 2381 903 2465 pietate,
932 2383 1007 2466 quia
1037 2383 1149 2446 statim

180 2469 241 2532 erit
261 2470 427 2551 restituta,
456 2467 483 2531 si
505 2466 633 2531 uideris.
668 2466 723 2530 sed
746 2466 832 2529 enim
854 2467 917 2529 ista
939 2466 1082 2532 felicitas
1105 2468 1150 2531 ui·

179 2554 262 2617 derit
284 2576 325 2616 an
347 2554 451 2616 adhuc
473 2573 562 2616 meae
585 2551 737 2615 debeatur
759 2551 867 2614 aetati.

243 2636 365 2698 XXIII.
410 2636 544 2698 Interim
573 2636 723 2718 quoniam
753 2634 792 2698 ad
815 2657 972 2699 summam
999 2639 1152 2700 uotorum

179 2737 321 2781 meorum
358 2722 415 2781 tua
447 2717 635 2800 dignatione
668 2720 816 2802 perueni,
854 2723 890 2783 ut
922 2719 1007 2783 hanc
1044 2743 1152 2786 meam

140 2819 166 2858 so
179 2800 441 2885 qualemcumque
462 2821 574 2865 uocem
597 2802 729 2867 diuersis
752 2805 815 2868 scri
842 2808 875 2868 et
896 2803 1010 2888 palatii
1033 2805 1153 2870 officiis

248 2992 263 3039 2
282 2991 349 3040 solis
366 2992 400 3039 W
412 2988 450 3056 [13
468 2994 517 3041 aut
534 2991 646 3042 habitus
663 2995 696 3042 W
713 2990 722 3057 {i
740 2995 755 3041 6
773 2994 982 3043 uenerationem
1000 2994 1023 3042 A
1040 2990 1051 3057 ΙΙ
1070 2997 1088 3044 9
1105 3009 1154 3059 pu·

179 3059 252 3110 blica
270 3075 317 3110 om.
337 3060 370 3108 W
393 3058 404 3126 t
430 3062 460 3112 10
479 3060 560 3110 sicuti
579 3062 725 3110 Liuineius:
743 3061 816 3110 sicut
833 3061 878 3110 hic
895 3063 922 3108 At
946 3058 956 3126 fl
981 3062 1012 3110 11
1033 3061 1154 3112 fortissi-

180 3144 251 3178 mam
270 3127 345 3178 Bert.
368 3125 378 3193 ΙΙ
400 3130 431 3178 17
449 3128 544 3192 ctigua
561 3130 669 3193 scripsi:
686 3129 770 3193 digna
786 3128 813 3175 11
835 3126 844 3193 ΙΙ
868 3130 899 3179 18
917 3129 1079 3193 praesentis
1096 3144 1154 3178 mu·

179 3211 246 3246 nera
263 3198 372 3261 scripsi:
395 3197 537 3260 presentis
555 3212 667 3246 munera
685 3197 713 3242 H
733 3197 912 3260 praesentiae
931 3201 994 3246 tuae
1012 3211 1088 3246 mun.
1108 3197 1154 3246 la·-

179 3268 277 3315 uineius
294 3262 304 3330 ΙΙ
325 3267 358 3314 20
376 3266 467 3312 omnis
485 3269 513 3314 ct
531 3265 601 3314 hom.
620 3265 643 3311 A
654 3264 688 3311 W
700 3263 789 3312 Bert:
799 3262 837 3313 'ct
855 3264 925 3314 hom.
946 3264 1037 3314 omnia
1054 3264 1077 3312 B
1096 3267 1115 3312 0
1133 3264 1155 3311 V

183 3330 194 3395 i}
222 3335 254 3381 21
273 3349 306 3382 cx
324 3331 482 3382 muneribus
501 3331 557 3381 tuis
574 3334 670 3395 scripsi
685 3335 701 3384 1.
721 3333 736 3383 i.
754 3346 781 3394 p.
801 3334 867 3381 220:
887 3337 915 3383 et
933 3332 1095 3382 muneribus
1112 3332 1153 3395 13

180 3415 214 3447 an
232 3402 380 3449 eiciendum?
401 3396 411 3463 ΙΙ
432 3401 464 3448 22
484 3402 512 3448 ct
528 3415 575 3450 orn.
587 3402 610 3448 A
621 3402 654 3449 W
672 3398 827 3464 lunamque
845 3402 905 3454 edd.
922 3399 926 3464 Ι
941 3398 1115 3449 recumbant.
1131 3399 1154 3447 A

183 3463 196 3527 ij
228 3468 260 3515 25
287 3468 418 3529 pietatem
440 3466 500 3514 AB
519 3467 541 3513 V
570 3465 580 3532 t
610 3469 642 3517 29
666 3481 753 3515 meam
776 3482 822 3517 om.
845 3468 878 3516 W
907 3465 917 3532 ΙΙ
947 3469 981 3518 30
1007 3466 1062 3517 fori
1091 3482 1154 3532 090.-

181 3532 232 3581 otii
249 3534 275 3580 Μ
290 3538 293 3593 l
310 3530 397 3596 palati
415 3532 502 3582 officii
520 3535 542 3581 A
