2406 4012
169 222 233 286 294
491 219 555 271 xn.
586 219 817 273 1101111111.

169 374 283 437 bamur
311 371 441 436 mentiri
462 370 571 434 beatos
599 373 647 453 01,
677 391 749 434 cum
775 368 862 433 domi
890 374 986 452 atque
1015 373 1139 435 secreto

168 458 245 521 solis
274 456 464 541 coningibus
499 476 537 518 ac
563 454 672 518 liberis
708 454 953 518 credidissemus
980 454 1141 519 feminum

168 543 319 619 dolorem,
343 539 588 624 procedebamus
608 539 642 602 in
658 539 822 621 publicum
843 561 912 603 non
928 543 1061 604 nostrae
1076 540 1141 603 for·

168 631 267 690 tunae
289 625 388 689 uultu.
433 622 558 686 audires
587 624 672 687 enirn
695 623 800 687 dicere
823 623 1012 688 delatorem:
1052 625 1143 708 ‘quid

143 712 215 774 cita
236 709 290 773 ille
311 709 413 772 tristis
434 707 579 804 incedit?
601 730 643 771 an
661 707 736 790 quia
751 729 873 805 pauper
893 729 935 805 ex
949 709 1052 805 diuite
1067 709 1142 807 est?

168 814 398 943 131111
419 792 869 960 tittitigtftiit}
890 793 1142 961 illiciti

168 962 269 1027 habet
290 962 413 1026 filium!
451 963 498 1026 ita
518 961 588 1025 fieri
610 982 677 1025 non
698 959 818 1025 licebat
840 961 957 1025 amissa
979 965 1071 1026 metu
1093 985 1142 1028 re·

169 1046 338 1130 liquorum.
381 1067 508 1111 serenos
531 1067 608 1130 ergo
629 1044 749 1109 nubilis
775 1046 936 1110 mentibus
958 1046 1071 1111 uultus
1094 1049 1143 1111 in-

130 1149 155 1188 10
170 1131 342 1195 duebamus
359 1135 391 1196 et
405 1131 444 1194 ad
456 1130 584 1194 illorum
598 1130 701 1194 uicem
716 1131 772 1213 qni
783 1131 953 1226 degustato
964 1129 1144 1196 Sardorum

168 1217 351 1299 graminum
372 1237 447 1279 suco
463 1216 610 1279 feruntur
630 1216 665 1278 in
685 1218 788 1279 morte
808 1214 911 1279 ridere
933 1214 1144 1281 imitabamur

169 1299 255 1362 laeta
276 1302 466 1362 maerentes.
496 1302 544 1362 est
566 1299 693 1396 aliquod
716 1299 936 1363 calamitatum
950 1299 1144 1365 delinimen-

168 1385 237 1446 tum
253 1382 377 1447 dedisse
391 1382 540 1446 lacrimas
555 1383 649 1448 malrs
667 1386 699 1448 et
712 1386 824 1467 pectus
835 1384 965 1479 'laxasse
980 1386 1143 1469 suspiriis.

168 1466 259 1531 nulla
273 1468 375 1531 maior
396 1471 445 1531 est
458 1487 562 1550 poena
576 1489 673 1551 quam
694 1489 761 1532 esse
777 1468 929 1532 miserum
949 1491 1012 1534 nec
1026 1469 1142 1534 uideri.

131 1569 156 1609 15
170 1573 243 1634 spes
265 1552 351 1616 inter
365 1551 445 1617 haec
466 1551 555 1616 nulla
568 1553 739 1636 praedonis
762 1553 922 1637 explendi.
956 1575 1020 1618 neo
1042 1555 1141 1638 enirn,

168 1640 205 1700 ut
219 1640 336 1701 natura
350 1637 423 1720 fert,
446 1637 571 1719 copiam
594 1638 725 1701 satietas
745 1638 945 1721 sequebatur.
976 1639 1143 1703 crescebat

169 1722 203 1783 in
226 1721 292 1785 dies
313 1721 453 1786 habendi
474 1722 576 1786 fames
599 1725 631 1785 et
647 1721 791 1805 pariendi
813 1722 936 1786 rabiem
950 1727 1047 1805 parta
1070 1723 1140 1787 irri-

168 1805 290 1870 tabant.
330 1810 367 1870 ut
388 1827 556 1890 aegrorum
580 1807 666 1870 sitim
689 1809 783 1888 potus
805 1807 967 1889 accendit,
993 1812 1031 1872 nt
1052 1809 1142 1893 ignis

169 1890 334 1953 arentibus
365 1912 433 1954 non
461 1891 619 1973 obruitur,
654 1890 709 1955 sed
736 1895 889 1974 augetur:
933 1892 980 1955 ita
1009 1896 1143 1958 coactae

130 1992 155 2030 ao
167 1973 297 2120 publibca
325 1977 467 2058 egestate
495 1975 625 2039 diuitiae
653 1976 839 2040 auiditatem
865 1976 991 2040 ieiunae
1019 1978 1142 2042 mentis

169 2077 247 2120 acue
270 2061 336 2120 ant.

232 2140 352 2206 XXVI.
382 2140 496 2206 Stabat
518 2143 587 2226 ipse
609 2147 801 2227 purpuratus
824 2144 865 2207 ad
887 2144 996 2208 lances
1020 2148 1054 2209 et
1076 2167 1143 2211 mo

168 2231 277 2290 menta
299 2226 475 2311 ponderum
497 2230 656 2311 nutusque
677 2228 871 2292 trutinarum
894 2228 1019 2312 pallens
1043 2235 1141 2314 atque

170 2310 297 2374 inhians
314 2312 471 2396 exigebat.
500 2313 783 2396 comportabantur
797 2313 926 2376 interim
948 2313 1053 2396 spolia
1069 2336 1141 2398 pro·

131 2410 156 2451 aa
170 2394 360 2477 uinciarum,
384 2397 516 2461 exuuiae
539 2397 676 2481 exulum,
699 2397 784 2461 bona
806 2401 1057 2481 peremptorum.
1089 2399 1142 2464 hic

169 2500 281 2543 aurum
309 2483 524 2545 matronarum
554 2481 676 2545 artibus
704 2484 896 2563 extractum,
931 2482 998 2546 11110
1025 2487 1143 2567 raptae

168 2564 362 2647 pupillorum
385 2566 561 2630 ceruicibus
576 2566 693 2646 bullae,
714 2566 788 2630 istic
803 2566 1004 2630 dominorum
1026 2588 1143 2633 cruore

167 2648 333 2728 perfusum
355 2650 597 2732 appendebatur
620 2654 798 2734 argentum.
833 2651 998 2715 numerari
1019 2651 1142 2736 ubique

168 2732 339 2812 pecuniae,
364 2733 432 2796 fisci
455 2734 585 2816 repleri,
609 2756 684 2800 aera
705 2735 873 2816 cumulari,
896 2756 974 2799 uasa
998 2736 1140 2820 concidi,

128 2832 154 2872 oo
169 2814 269 2877 cuiuis
292 2817 328 2878 ut
349 2816 490 2880 intuenti
515 2839 580 2882 non
603 2819 683 2883 illud
704 2819 905 2902 imperatoris
928 2819 1141 2902 domicilium,

168 2899 223 2962 sed
238 2899 372 2964 latronis
394 2903 629 2985 receptaculum
651 2904 822 2968 uideretur.
851 2903 905 2968 sed
920 2905 1031 2968 tamen
1055 2905 1141 2969 latro

167 2985 268 3067 raptis
284 2985 427 3051 abutitur
450 2990 481 3051 et
496 2988 604 3052 ablata
621 2988 692 3053 aliis
714 2988 847 3053 subinde
862 2987 968 3052 reddit
989 3009 1051 3052 nec
1067 2990 1142 3055 ideo

234 3209 250 3257 6
268 3225 321 3258 non
342 3210 426 3269 enim;
446 3213 527 3261 malim
544 3226 635 3261 nonne
653 3211 735 3259 miser
750 3208 755 3273 1
771 3210 815 3260 hic
832 3212 854 3259 A
866 3209 957 3263 Bari:
974 3211 1005 3259 in
1017 3211 1037 3259 B
1047 3213 1066 3259 c
1077 3213 1100 3260 V
1109 3215 1143 3261 W

169 3272 181 3337 l}
207 3277 238 3324 12
256 3276 373 3331 delinim.
392 3275 415 3325 A
437 3275 441 3341 Ι
461 3281 492 3329 13
510 3278 616 3328 laxasse
634 3275 657 3325 A
673 3274 682 3342 ΙΙ
701 3280 731 3327 li
750 3277 877 3342 pariendi
894 3279 1002 3341 scripsi:
1021 3279 1143 3342 parandi

166 3342 194 3388 11
212 3343 362 3408 praedandi
380 3357 404 3391 w
426 3342 430 3408 Ι
461 3346 491 3394 18
507 3354 569 3409 poci
585 3346 659 3409 ignia
678 3358 702 3393 w
720 3347 780 3395 cdd.
799 3345 882 3410 lignis
905 3343 916 3410 ΙΙ
940 3347 973 3394 20
989 3345 1101 3398 ieinnie
1119 3347 1144 3397 A

169 3406 183 3470 {l
212 3411 245 3460 23
263 3412 436 3461 trinarumA
461 3408 471 3475 ΙΙ
501 3414 533 3461 26
553 3414 658 3463 artibus
676 3415 785 3476 scripsi:
807 3412 931 3462 manibus
949 3413 976 3459 Ι
994 3413 1143 3465 inauribus

167 3474 272 3538 Lipsius
291 3481 413 3531 crinibus
426 3480 560 3529 Acidaliae
572 3477 582 3543 ss
599 3482 631 3529 29
648 3478 730 3530 fiscus
745 3478 792 3545 1111
809 3482 842 3531 30
859 3480 948 3531 cuiuis
961 3494 998 3528 w:
1019 3482 1102 3533 cuius
1115 3484 1144 3531 Ι

169 3538 173 3602 1
193 3545 224 3590 111
242 3545 291 3592 del.
309 3558 333 3592 w
357 3543 367 3608 ΙΙ
390 3547 423 3595 32
441 3543 524 3596 subiri
541 3549 649 3612 scripsi:
666 3553 698 3598 nt
715 3547 771 3598 sibi
788 3550 815 3596 Ι
832 3547 907 3598 Bere.
924 3548 971 3597 uel
990 3547 1045 3597 sibi
1066 3562 1091 3597 11
