2406 4012
9 41 39 243 r

376 181 537 233 Taurino
556 181 590 230 n.
616 183 724 232 rc-rs.
900 226 905 238 .
992 182 1032 248 73

59 356 104 419 po
128 332 220 397 ulare
248 332 436 414 gratumque
463 328 682 411 audientibus,
712 331 767 394 sed
790 332 865 415 quia
893 334 939 397 ita
964 356 1032 400 seu-

61 356 178 483 riolas.
223 416 350 478 tantum
376 413 574 498 diguahonrs
601 436 637 478 ru
658 435 729 499 rpso
751 414 871 479 honore
892 420 1034 501 ponebat

62 506 100 568 ut
128 522 197 566 non
222 498 361 583 amplius
390 519 458 562 esse
488 501 632 562 censeret
659 499 742 582 quod
769 500 883 584 aliquis
911 502 1034 588 collega

63 585 281 672 appellaretur
302 581 480 666 aprincipe
502 604 598 665 quam
620 583 703 667 quod
719 590 850 667 praetor
872 589 965 651 esset.
993 589 1033 652 ad

62 672 127 735 hoc
155 672 223 733 tam
251 666 397 731 assiduus
427 668 463 730 in
490 667 645 731 tribunali
673 670 709 731 ut
736 667 845 734 labore
878 672 967 737 refici
995 694 1059 738 aes

63 754 209 839 reparari
230 752 402 817 uideretur.
447 750 518 834 quis
539 754 684 815 nostrum
707 752 791 816 idem
814 776 922 837 curae,
948 757 1033 822 idem

63 838 192 903 sudoris
213 834 372 901 insumit?
416 837 487 918 quis
509 835 589 899 adeo
612 836 760 918 expetitis
784 837 956 905 honoribus
978 847 1034 907 aut

64 922 206 987 deseruit
233 923 290 985 aut
316 918 460 983 sufficit?
503 921 535 983 et
562 941 639 984 sanc
668 941 801 1003 aequum
829 928 878 986 est
905 929 1033 990 tautum

65 1006 181 1073 ceteris
203 1007 367 1089 praestare
395 1003 580 1068 consulibus
606 1004 712 1087 ipsum
740 1011 793 1088 qui
815 1009 961 1073 consules
985 1011 1032 1073 fa-

64 1092 125 1157 cit:
163 1092 283 1174 quippe
311 1088 408 1151 etiam
434 1087 566 1151 fortuna
594 1088 763 1153 uidebatur
790 1090 974 1177 indignum,
1005 1097 1032 1159 si
1046 1116 1070 1155 10

63 1178 176 1259 posset
196 1173 334 1237 honores
357 1172 433 1237 dare
456 1172 511 1254 qui
532 1193 643 1257 gerere
665 1194 730 1238 uon
744 1178 862 1258 posset.
890 1177 1033 1245 facturus

65 1258 214 1325 consules
236 1258 351 1322 doceat
371 1257 613 1341 acceptansque
633 1258 864 1342 amplissimum
879 1260 1032 1329 honorem

64 1342 258 1493 pffirsuadeat
284 1342 429 1488 sciretse
455 1341 531 1488 piuid
559 1342 602 1406 sit
623 1343 707 1490 quotd
729 1342 833 1409 dabit:
871 1347 917 1411 sic
938 1348 976 1411 fit
996 1355 1033 1414 ut

63 1452 74 1492 1
156 1449 197 1492 uo
220 1448 261 1491 ue
282 1448 371 1492 seran
431 1448 464 1489 ur
508 1447 582 1490 acce
607 1448 699 1493 erin.

127 1448 309 1577 fflVlH.
369 1447 438 1585 Qui>
473 1448 604 1574 iustiusp
620 1514 752 1575 senatus
787 1516 824 1576 ut
856 1515 1031 1598 susciperes
1045 1535 1070 1573 1⁵

63 1600 216 1682 quartum
247 1594 447 1661 consulatum
481 1598 513 1659 et
541 1596 671 1679 rogauit
700 1599 732 1658 et
759 1596 861 1660 iussit.
905 1598 1032 1681 imperii

63 1681 129 1747 hoe
163 1681 311 1759 uerbum,
349 1700 417 1743 non
453 1678 648 1742 adulationis
685 1700 753 1743 esse
790 1681 941 1763 obsequio
976 1687 1031 1747 tuo

63 1764 175 1845 crede,
202 1764 288 1849 quod
315 1784 381 1827 non
403 1763 466 1826 aha
493 1763 527 1827 in
549 1785 583 1828 re
605 1764 710 1847 magis
738 1766 793 1827 aut
815 1769 943 1830 senatus
970 1769 1033 1832 exi-

63 1852 246 1999 gtlialul
265 1848 844 1999 aramancias·
871 1856 924 1999 ilt
947 1854 1032 2001 {lim
1045 1956 1069 1995 20
1111 1946 1115 1953 ·

63 1957 121 2116 ipsi
144 2018 176 2082 di
197 2017 265 2115 sibi
281 2018 432 2082 uidentur
439 2066 457 2114 ,Ι
479 1955 593 2082 aeurim
616 1956 710 2083 orirhe
732 1984 771 2083 'et
786 1958 888 2118 'brito
914 1958 950 2085 et
966 1960 1032 2086 lihn-

63 2102 140 2253 lli
153 2104 731 2270 ⁰32}alltllollls‘lulalllmll
744 2107 1033 2272 plllethsstlj

62 2271 293 2336 moderationis
321 2271 443 2335 scilicet
464 2270 668 2354 iustitiaeque
696 2271 920 2354 monimentis,
951 2294 1032 2356 quae

62 2356 204 2440 plurima
223 2357 363 2419 statuere
385 2355 496 2419 consul
510 2358 626 2437 potest.
655 2354 735 2417 haec
756 2376 872 2437 nempe
894 2356 1032 2421 intentio
1046 2375 1071 2413 2⁵

63 2446 122 2504 tua
150 2442 188 2504 ut
215 2439 397 2504 libertatem
424 2459 554 2502 reuoces
583 2460 622 2502 ac
647 2437 791 2502 reducas.
836 2459 930 2521 quem
956 2461 1032 2525 ergo

62 2524 223 2588 honorem
248 2524 353 2608 magis
381 2544 505 2602 amare,
536 2523 620 2605 quod
642 2542 758 2584 nomen
786 2544 938 2606 usurpare
966 2546 1033 2589 sae-

88 2609 138 2673 ius
166 2608 262 2672 debes
290 2629 386 2691 quam
415 2606 502 2692 quod
528 2607 667 2690 primum
693 2606 821 2671 inuenit
848 2614 1033 2693 recuperata

63 2630 224 2756 libertas?
272 2713 339 2756 non
367 2697 416 2757 est
443 2693 549 2756 minus
577 2692 672 2756 ciuile
700 2695 732 2756 et
758 2693 936 2776 principem
964 2717 1032 2760 esse

64 2776 186 2861 pariter
214 2779 247 2842 et
274 2778 435 2842 consulem
463 2798 560 2860 quam
581 2781 707 2841 tantum
736 2778 905 2843 consulem.
950 2779 1033 2845 habe
1046 2800 1072 2837 ³0

65 2862 165 2925 etiam
186 2862 344 2926 rationem
367 2861 579 2926 uerecundiae
600 2861 794 2944 collegarum
811 2866 947 2946 tuorum,
972 2866 1033 2929 col-

64 2946 213 3031 legarum
239 2946 387 3031 inquam:
423 2946 470 3010 its
495 2946 580 3009 euim
607 2951 640 3010 et
662 2946 730 3028 ipse
751 2946 890 3029 loqueris
919 2953 951 3011 et
972 2970 1032 3013 nos

66 3086 270 3095 -..-—.-.-.—-

139 3172 169 3220 10
188 3167 283 3233 ctiam]
301 3183 378 3219 omne
396 3171 413 3217 c
429 3166 440 3233 Ι
459 3170 489 3217 11
508 3168 597 3232 possit
613 3170 702 3230 priore
720 3170 775 3219 loco
792 3170 829 3227 Ι,
852 3184 920 3218 corr.
939 3183 955 3234 ς
972 3166 982 3233 ll
1003 3172 1033 3219 12

66 3240 285 3301 acceptumque
297 3238 333 3297 Ι,
352 3252 421 3287 corr.
436 3236 581 3287 Calaureae
593 3233 603 3299 fl
617 3236 648 3284 19
661 3239 691 3283 tu
703 3237 764 3286 add.
778 3234 932 3286 Siclardus:
948 3251 994 3287 om.
1006 3238 1033 3285 Π

66 3301 81 3367 j!
107 3306 139 3353 21
163 3318 263 3353 acuum
287 3304 445 3355 Catonum:
470 3318 588 3367 acquum
608 3303 635 3349 1
658 3300 668 3367 l}
692 3304 725 3353 25
749 3303 867 3367 plurima
893 3303 1034 3355 Gesnerus:

85 3370 155 3421 rima
166 3371 193 3418 Ι
208 3371 213 3435 Ι
227 3376 306 3503 Kotes
323 3372 429 3435 Lipsius
440 3368 451 3436 ΙΙ
464 3374 497 3422 30
516 3376 622 3420 tautum
642 3370 766 3420 consulo
784 3372 789 3431 1
802 3371 871 3419 habe
888 3372 1033 3423 Lircr'neiua:

66 3438 195 3557 helein!
270 3442 300 3489 31
324 3438 404 3489 uerba
420 3437 605 3489 uerecundiae
626 3464 660 3473 -
683 3440 729 3501 75,
750 3440 780 3488 12
799 3437 933 3503 principis
953 3445 1034 3503 atque

116 3522 131 3556 e
