2406 4012
287 105 500 158 THEODOSIO
518 105 690 157 AUGUSTO
708 109 742 159 D.
764 110 872 159 16-19.
1003 107 1066 173 287

159 256 283 324 XVIII.
307 253 413 320 Uelim
432 258 542 319 tamen
564 255 650 319 dicas
671 257 766 338 unde,
790 278 863 321 cum
877 258 977 321 tantis
995 280 1067 342 pro·

89 345 198 409 missa
211 340 388 426 persolues,
412 339 488 422 quid
511 338 562 402 cui
575 339 760 422 promiseris
782 341 864 405 scias
887 346 994 406 necte
1016 344 1068 406 uel

93 422 1069 591 {tantast„ltltlltlttltltitt

95 596 236 661 modona
262 557 412 676 decipiad.
456 593 527 675 quis
555 592 680 656 debitor
707 534 904 660 uerecundris
931 533 1095 660 itaqmu-rs

97 686 192 747 tuum
214 679 255 743 ad
270 677 354 741 diem
376 675 480 740 reddit
501 679 538 739 ut
551 679 587 739 tu
631 676 693 740 uod
707 680 868 760 promittis
890 679 1070 763 appendis?

99 760 1071 915 aaarttatrstbaatittlattlt

101 931 239 1083 aeis
261 867 1110 1097 irrisaelaamasle10

100 1124 121 1167 a
157 1122 198 1166 uc
219 1098 475 1184 expectationem
496 1119 563 1161 non
586 1099 690 1162 dicam
712 1099 875 1183 fefelleris,
899 1100 965 1184 sed,
990 1038 1072 1184 duae

102 1186 141 1251 de
155 1185 271 1249 icatior
293 1185 343 1247 est
363 1180 506 1266 querela,
537 1182 708 1247 distuleris.
754 1185 896 1249 solamne
918 1207 985 1264 me,
1015 1185 1072 1249 im·

102 1274 247 1355 perator,
276 1266 528 1331 beniuolentiam
550 1270 640 1330 tuam
668 1269 778 1332 mirari
800 1269 919 1352 putas?
957 1274 992 1333 at
1012 1291 1072 1354 ego

101 1355 203 1420 miror
221 1352 319 1417 ctiam
332 1350 529 1415 memoriam.
551 1374 627 1415 nam
643 1353 694 1416 cui
708 1352 884 1417 Hortensio
898 1353 1073 1418 Luculloue

104 1439 156 1503 uel
183 1436 312 1503 Caesari
343 1440 410 1499 tam
439 1439 554 1519 parata
586 1457 738 1519 umquam
771 1437 863 1500 affuit
894 1437 1072 1501 recordatio
1088 1454 1112 1495 1⁵

102 1544 201 1607 quam
220 1523 279 1586 cito
293 1520 354 1584 tibi
376 1541 466 1584 sacra
487 1541 578 1583 mens
593 1524 649 1582 tua
670 1520 740 1584 loco
762 1524 988 1603 momentoque
1010 1542 1073 1604 quo

102 1606 232 1671 iusseris
247 1605 353 1668 reddit
373 1625 468 1668 omne
483 1603 690 1687 depositum?
712 1607 820 1667 utrum
834 1608 943 1668 tamen
957 1605 1026 1687 ipse
1042 1606 1074 1667 te

101 1689 280 1756 admones?
317 1711 376 1772 cn,
405 1694 442 1752 ut
466 1688 516 1752 illi
542 1688 720 1752 maiestatis
742 1693 816 1753 tuae
841 1689 992 1772 participi
1015 1688 1074 1751 deo

101 1776 253 1840 feruntur
280 1775 429 1838 assistere
454 1772 524 1836 fata
553 1793 625 1836 cum
646 1772 780 1855 tabulis,
812 1774 858 1838 sic
880 1773 939 1837 tibi
968 1773 1075 1856 aliqua

103 1861 155 1925 uis
183 1858 294 1922 diuina
323 1858 497 1939 subseruit,
526 1878 607 1940 quae
636 1858 720 1942 quod
750 1858 867 1922 dixeris
896 1858 1016 1922 scribat
1044 1859 1114 1921 etro

103 1942 281 2029 suggerat?
303 1941 386 2006 nihil
408 1942 454 2005 ita
498 1942 671 2006 rimoribus
694 1943 792 2007 labris
813 1943 975 2026 polliceris
997 1942 1077 2026 quin

103 2028 263 2114 promisso
289 2027 386 2091 fidem
413 2049 450 2089 su
494 2049 529 2090 as
559 2030 591 2090 et
613 2027 711 2091 uerba
738 2049 772 2091 re
802 2028 938 2092 sancias.
983 2047 1077 2090 nemo

106 2115 183 2195 iam,
204 2133 300 2175 nemo
323 2111 478 2176 beneficia
499 2133 580 2195 quae
603 2111 727 2175 dederis
750 2111 791 2175 ab
815 2132 852 2174 eo
876 2111 977 2174 credit
998 2113 1077 2173 tem·

105 2219 184 2283 pore
207 2195 421 2280 computanda
443 2216 505 2278 quo
529 2194 669 2275 dederis,
699 2194 863 2277 quietam
890 2198 967 2257 sunt
989 2196 1077 2256 certa

104 2280 476 2429 qu³iil⁰¹¹ia⁰llllll
492 2279 667 2426 ltffilt
675 2278 1116 2426 ttl'ltlltsspltltl

105 2450 147 2514 dc
173 2470 296 2515 summo
319 2386 507 2532 purissimde
535 2385 652 2511 melitis
681 2385 818 2510 candopre
839 2409 1078 2530 proficiscitur?

104 2556 184 2599 nam
207 2535 296 2597 cuius
319 2536 368 2597 est
381 2532 481 2596 animi
503 2554 563 2596 nec
585 2535 660 2595 uota
675 2532 842 2595 hominum
860 2531 997 2616 fatigare
1019 2550 1081 2594 nec

108 2618 263 2683 adhibere
276 2617 463 2681 muneribus
480 2621 580 2681 artem
592 2615 803 2700 difficultatis,
819 2617 876 2682 sed
891 2615 1081 2681 denuntiare

107 2703 318 2789 praestanda,
347 2706 383 2765 ut
405 2705 439 2766 et
459 2701 612 2784 prolixior
637 2702 680 2767 sit
702 2724 813 2767 sensus
836 2702 993 2767 bonorum
1021 2720 1082 2763 nec
1095 2716 1119 2756 ³0

107 2787 281 2871 repentina
302 2787 440 2851 felicitas
462 2786 563 2851 faciat
585 2788 740 2852 attonitos
770 2790 802 2850 et
824 2787 945 2859 similes
969 2783 1083 2848 reddat

108 2872 272 2956 ingratis?
296 2871 421 2935 animos
444 2871 530 2935 enim
552 2875 680 2935 nostros
703 2870 818 2933 subitis
843 2869 1011 2933 affectibus
1034 2869 1082 2930 in-

180 3097 193 3143 1
218 3095 350 3158 premissa
371 3095 393 3142 Δ
416 3093 536 3157 perml
566 3089 576 3157 ΙΙ
606 3094 622 3140 3
644 3090 692 3140 illa
716 3092 778 3154 ipsa
801 3090 863 3138 BV
892 3088 903 3154 [1
931 3090 949 3138 4
972 3089 1084 3152 parcior

109 3164 187 3213 edd:
234 3163 329 3211 aucior
346 3161 373 3207 Μ
402 3159 412 3225 ΙΙ
442 3159 661 3224 deppendasd
691 3156 700 3223 ΙΙ
730 3160 745 3208 ‘1
767 3156 796 3206 in
815 3160 865 3207 dee.
885 3170 909 3205 w
937 3154 948 3220 ll
980 3158 1011 3206 15
1034 3155 1085 3205 Oe·

108 3178 231 3295 sardll
253 3230 285 3278 16
304 3229 360 3278 cito
379 3244 440 3293 epo:
459 3244 506 3277 (aa.
525 3229 553 3274 Η
574 3225 584 3291 ll
609 3227 640 3275 17
660 3231 687 3275 te
705 3226 762 3288 ipse
781 3228 798 3273 c
820 3223 830 3289 ΙΙ
854 3228 886 3273 ‘21
906 3224 993 3273 labris
1011 3225 1083 3272 Aw:

111 3298 216 3347 laboris
235 3299 255 3346 B
274 3297 331 3344 Η
355 3294 365 3361 ΙΙ
388 3298 421 3346 ‘22
439 3297 583 3345 resaucias
602 3295 618 3342 O
636 3293 659 3340 V
676 3293 814 3343 resentias
833 3290 889 3341 ΔΒ
908 3291 1042 3340 resarcias
1060 3304 1084 3339 w

111 3364 126 3431 ll
156 3368 189 3416 26
206 3366 235 3413 id
253 3364 380 3428 ipsumc
404 3361 414 3429 ΙΙ
444 3365 476 3412 27
496 3362 611 3427 purifica
631 3362 730 3411 mentis
748 3360 780 3408 W
804 3359 814 3425 ΙΙ
843 3362 878 3410 29
896 3363 1003 3424 partem
1021 3372 1045 3406 w
1071 3356 1083 3427 1}

112 3434 146 3484 32
165 3434 317 3497 imperares
334 3431 354 3479 B
373 3432 395 3479 V
