2406 4012
190 114 193 119 ⁴
260 108 477 163 carriacum
495 110 606 164 norro
625 92 787 165 runiaco
806 93 916 164 aa-ii.
1008 90 1071 177 §63

104 258 254 322 manibus
298 260 498 343 excolamus,
547 260 627 325 haec
670 261 839 326 illaborata
882 266 1069 327 nascuntur.

100 346 222 427 quanto
249 342 375 408 felicior
415 347 524 409 nostra
557 345 716 410 conditio!
762 348 881 430 quanto
909 346 1071 410 beatitudo

100 427 333 511 praestantior!
370 449 435 492 non
464 430 553 512 spica
574 430 714 513 triticea,
746 452 812 494 non
833 429 914 494 uiles
936 453 1071 494 unarum

101 512 234 591 racemi,
272 512 328 575 sed
355 534 432 596 opes
458 519 553 597 atque
581 514 712 578 diuitiae
741 516 822 578 nihil
851 515 1070 579 laborantibus

99 598 310 681 ingeruntur3
352 598 535 680 prouinciae
567 599 788 683 praefecturae
820 599 923 664 fasces
957 603 1096 682 spontes

100 680 307 764 proueniunt.
344 685 392 764 tu,
415 686 461 765 tu,
485 682 627 766 inquam,
650 684 789 746 maxime
810 685 995 767 imperator,
1019 707 1070 748 ex·

99 765 227 829 ulantes
249 765 472 850 relegatasque
493 768 629 830 uirtutes
659 766 698 830 ad
723 788 791 830 rem
811 769 973 850 publicam
995 789 1070 851 quo-

99 849 175 913 dam
190 849 391 932 postliminio
414 850 579 932 reduxisti,
603 852 796 914 inextincta
813 853 878 915 iam
893 852 1071 915 litterarum

96 933 208 998 ⁴studia
228 933 412 1014 flammasti,
435 940 472 997 tu
493 934 730 1019 philosophiam
746 936 842 1018 paulo
865 938 940 998 ante
963 957 1071 1019 suspe-

102 1022 187 1082 ctam
210 1039 248 1081 ac
267 1039 334 1081 non
349 1019 453 1082 solum
476 1019 646 1102 spoliatam
664 1019 850 1102 honoribus,
873 1019 929 1083 sed
944 1041 1070 1084 accusa·
1085 1041 1109 1081 ιο

100 1108 169 1166 tam
187 1123 224 1166 ac
239 1123 327 1165 ream
346 1124 413 1167 non
430 1103 524 1167 modo
540 1104 655 1168 iudicio
669 1104 824 1182 liberasti,
848 1103 904 1168 sed
919 1105 1071 1168 amictam

101 1208 260 1271 purpura,
284 1208 362 1251 auro
385 1188 582 1271 gemmisque
605 1189 786 1253 redimitam
810 1190 846 1252 in
867 1189 969 1274 regali
992 1189 1071 1252 solio

101 1270 277 1335 collocasti.
323 1272 482 1356 suspicere
504 1273 568 1336 iam
595 1273 629 1336 iu
653 1274 776 1338 caelum
798 1274 874 1338 licet
897 1277 929 1337 et
952 1275 1070 1337 securis

101 1355 313 1439 contemplari
348 1359 434 1419 astra
461 1356 635 1421 luminibus
641 1407 650 1440 ,
684 1359 738 1440 qui
766 1359 860 1440 paulo
895 1361 969 1422 ante
997 1379 1070 1440 pro-

100 1460 216 1503 norum
245 1444 339 1523 atque
361 1441 601 1523 quadrupedum
630 1441 842 1504 animantium
863 1441 928 1504 ritu
954 1442 990 1503 in
1011 1441 1070 1504 hu·
1085 1461 1110 1502 15

100 1546 190 1587 mum
213 1524 301 1587 uisus
323 1525 465 1607 trepidos
487 1525 674 1608 figebamus
720 1526 790 1607 quis
817 1525 902 1587 enim
925 1527 1070 1606 spectare

100 1607 234 1672 auderet
256 1612 361 1672 ortum
384 1609 510 1690 sideris,
539 1609 609 1690 quis
632 1607 804 1671 occasum?
848 1630 889 1671 ne
913 1608 1071 1671 aorieolac

99 1692 240 1776 quidem,
285 1713 397 1755 uorum
412 1713 510 1776 opera
530 1692 568 1755 ad
584 1695 688 1755 motus
705 1692 870 1776 signorum
886 1659 1071 1756 cadlcstium

97 1714 310 1860 temperanda
329 1780 415 1860 sunt,
436 1779 663 1860 tempestatum
677 1777 845 1861 praesagia
860 1777 1070 1841 rimabantur.

100 1861 167 1944 ipsi
194 1861 339 1943 nauitae,
369 1861 423 1944 qui
444 1865 618 1925 nocturnos
648 1882 757 1925 cursus
786 1862 827 1925 ad
850 1865 936 1925 astra
964 1861 1071 1925 mode·
1084 1883 1109 1922 20

101 1947 228 2027 rantur,
266 1944 431 2008 stellarum
462 1946 654 2009 mominibus
682 1946 897 2010 abstinebant.
940 1968 1071 2030 prorsus

100 2032 189 2093 terra
209 2030 354 2112 marique
376 2050 443 2092 non
466 2031 590 2094 ratione
614 2031 759 2114 caelesti,
791 2033 846 2095 scd
870 2052 945 2095 casu
967 2051 1004 2094 ac
1024 2034 1070 2094 tc·

100 2134 190 2177 mere
210 2114 389 2177 uiucbatur.

167 2196 286 2262 XXIV.
321 2197 413 2261 Nihil
434 2198 534 2283 igitur
555 2199 672 2261 mirum
695 2201 753 2276 est,
778 2198 963 2280 imperator,
987 2197 1071 2280 quod

100 2285 214 2345 tantus
237 2301 326 2345 amor
349 2286 381 2346 et
402 2286 470 2346 tam
491 2302 586 2344 uerus
608 2281 644 2344 in
665 2286 697 2344 tc
721 2280 839 2344 ciuium
861 2281 975 2344 feruet.
1017 2301 1071 2344 ne·
1085 2300 1110 2340 as

103 2387 164 2449 quc
189 2366 275 2430 enim
297 2367 398 2430 ullum
422 2368 495 2449 post
515 2365 661 2429 homines
687 2368 780 2428 natos
802 2369 880 2448 puto
902 2367 995 2428 tanto
1018 2385 1072 2449 ge-

101 2450 188 2514 neris
211 2450 343 2514 humani
365 2450 478 2515 ardore
499 2449 660 2517 dilectum.
690 2453 868 2513 ceterorum
889 2471 1003 2534 regum
1025 2452 1072 2512 at

103 2555 165 2616 que
179 2535 407 2618 imperatorum
429 2535 576 2599 caritates
593 2535 762 2599 admodum
780 2555 871 2598 rarae
885 2535 1072 2618 neutiquam

102 2619 272 2682 diuturnae
292 2619 432 2684 fuerunt.
472 2620 507 2683 in
529 2620 660 2684 summis
683 2620 769 2684 enim
790 2619 958 2684 hominum
978 2617 1071 2683 habi·

103 2706 212 2766 tauere
240 2704 422 2786 pectoribus
451 2705 556 2768 subita
584 2710 617 2769 et
641 2706 724 2768 forte
752 2708 830 2768 nata
852 2704 1111 2769 beniuolentiam

172 2895 187 2942 3
206 2893 280 2958 spira
297 2894 320 2941 A
331 2889 342 2957 ΙΙ
359 2895 375 2942 4
393 2891 463 2942 nihil
480 2891 567 2942 labor.
585 2894 642 2957 ing.
661 2892 818 2955 prouinciae
836 2906 882 2939 om.
896 2893 930 2938 W
952 2890 957 2955 Ι
973 2894 988 2940 V
1008 2905 1073 2955 quo·

101 2960 167 3008 dam
185 2976 231 3010 om.
243 2962 266 3009 A
282 2959 292 3025 ΙΙ
312 2963 343 3010 10
360 2976 415 3010 non
433 2959 520 3010 solum
538 2960 561 3007 A
580 2959 669 3013 Hert„-
686 2958 784 3007 nedum
800 2957 929 3004 BGVW
952 2955 956 3021 Ι
975 2959 1005 3005 11
1025 2954 1070 3021 ac]

104 3032 133 3077 et
152 3027 173 3073 V
190 3027 222 3074 W
251 3027 261 3093 ΙΙ
292 3029 324 3076 14
341 3043 487 3092 procorum
505 3027 525 3075 A
542 3027 564 3074 V
583 3026 615 3073 W
632 3025 723 3076 Bar:
743 3037 921 3088 procorumq;
939 3025 961 3071 A
980 3037 1073 3088 pomo·

103 3096 201 3143 rumc
237 3095 246 3160 ΙΙ
282 3097 312 3145 15
336 3096 462 3159 quadrip.
485 3095 508 3142 A
537 3091 546 3157 ΙΙ
583 3096 613 3144 18
638 3107 750 3156 quorum
773 3089 881 3156 quidem
904 3091 920 3139 (1
947 3089 951 3152 1
983 3095 1073 3140 motus

103 3164 212 3225 scripsi:
230 3167 332 3214 motum
350 3164 377 3209 Η
400 3161 410 3228 ΙΙ
435 3165 467 3212 20
485 3169 588 3211 nautae
607 3162 627 3210 B
646 3163 663 3208 0
681 3161 704 3207 V
721 3160 754 3207 W
777 3157 787 3224 ΙΙ
811 3160 843 3207 21
862 3158 1019 3207 nominibus
1036 3159 1073 3219 n,

103 3232 212 3279 correxi
240 3228 250 3295 ΙΙ
279 3232 312 3279 26
334 3236 401 3294 puto
422 3237 482 3294 port
500 3228 585 3278 ullum
602 3230 622 3276 B
641 3232 658 3276 c
676 3229 699 3275 V
717 3227 755 3285 W,
778 3233 838 3291 post
858 3230 939 3275 natos
957 3226 980 3273 A
999 3225 1073 3278 Bert.

101 3304 200 3359 ponunt
229 3295 240 3362 ΙΙ
268 3298 301 3346 28
319 3299 479 3361 neutiquam
497 3298 605 3361 scripsi:
628 3311 662 3344 ne
681 3309 800 3359 unquam
820 3290 903 3356 (umq.
920 3293 953 3357 A)
972 3293 999 3338 Μ
1023 3307 1075 3344 nco

103 3378 225 3481 ipintrpuarp
242 3367 302 3446 cdd.
323 3362 333 3428 ΙΙ
357 3367 390 3414 30
409 3366 481 3413 forte
500 3371 566 3415 nata
586 3365 734 3414 Acidolicr:
753 3361 940 3410 fortunata!
958 3359 1074 3411 fortuita

129 3447 136 3478 r
160 3446 288 3482 erramus
