2406 4012
176 211 218 274 20
497 214 520 262 1.
555 213 586 264 c.
604 213 721 264 rursu
739 213 821 263 eru.

176 384 238 447 que
260 363 421 427 tramitem
444 361 592 426 relictum
612 361 682 443 tibi,
705 362 842 426 alacrem
857 362 934 426 hino
956 365 1055 446 atque
1073 361 1162 428 inde'
1189 350 1194 427 i

177 447 346 530 populum,
375 447 492 530 ubique
514 469 572 530 par
594 446 746 530 gaudium
768 468 940 530 paremque
963 446 1148 512 clamorem.
1190 456 1193 463 '

176 538 244 596 tam
272 531 413 614 aequalis
447 531 486 595 ab
515 531 680 595 omnibus·
696 552 734 594 ex
761 531 902 595 aduentu
934 534 991 596 tuo
1021 531 1149 596 laetitia

176 618 328 700 percepta
361 619 410 679 est
440 637 535 698 quam
569 616 717 679 omnibus
750 615 885 680 uenisti:
923 637 1003 700 quae
1037 620 1149 682 tamen
1186 620 1194 679 l

152 703 247 783 sipsa
276 721 347 763 cum
374 701 522 784 ingressu
542 703 598 764 tuo
626 700 726 764 creuit
753 721 791 764 ac
812 721 912 785 prope
939 700 974 765 in
999 701 1148 786 singulos

178 784 296 868 gradus
319 784 455 848 adaucta
478 787 537 848 ast.
1191 794 1194 873 i

241 867 363 932 XXIII.
398 869 533 933 Gratum
548 872 618 933 erat
634 869 756 933 cunctis
774 869 856 952 quod
872 873 1022 934 senatum
1038 872 1146 935 osculo
1191 894 1194 943 ς

178 953 355 1036 exciperes,
384 957 421 1017 ut
443 954 591 1018 dimissus
621 954 730 1018 osculo
752 954 876 1032 fueras,
907 957 1036 1040 gratum
1063 955 1148 1040 quod

178 1039 333 1135 equestris
345 1039 466 1102 ordinis
475 1039 589 1103 decora
597 1038 718 1102 honore
729 1039 895 1103 nominum
907 1041 977 1103 sine
985 1041 1148 1138 monitore
1190 1058 1194 1099 ,τ

140 1126 495 1289 lttttttdtdd
508 1124 843 1272 ftttttttntt
859 1123 1147 1292 litttlttlt

177 1294 286 1355 tamen
309 1290 395 1374 quod
414 1291 532 1356 sensim
548 1296 580 1355 et
600 1292 724 1375 placide
746 1296 779 1356 et
792 1297 947 1377 quantum
963 1297 1150 1376 respectan-

177 1376 258 1438 tium
285 1375 380 1439 turba
407 1379 570 1458 pateretur
595 1377 775 1459 incederes,
803 1377 887 1461 quod
909 1381 1150 1444 occursantium

177 1460 315 1544 populus
337 1463 369 1525 te
392 1482 532 1544 quoque,
562 1464 594 1524 te
616 1464 713 1526 immo
735 1464 873 1526 maxime
895 1465 1033 1541 artaret,
1062 1463 1148 1547 quod

140 1565 165 1604 15
179 1548 282 1628 primo
305 1545 414 1609 statim
437 1546 488 1609 die
510 1547 595 1610 latus
617 1549 708 1610 tuum
731 1547 874 1611 crederes
898 1547 1058 1611 omnibus.
1094 1570 1149 1612 ne

176 1652 237 1714 que
260 1631 346 1695 enim
370 1631 508 1713 stipatus
531 1630 707 1695 satellitum
730 1653 836 1710 manu,
861 1632 914 1696 sed
935 1632 1150 1697 circumfusus

177 1715 316 1798 undique
343 1737 431 1779 nunc
459 1719 590 1780 senatus
619 1738 707 1780 nunc
729 1717 884 1799 equestris
913 1716 1034 1781 ordinis
1058 1717 1149 1799 flore,

177 1802 273 1881 prout
300 1799 487 1863 alterutrum
516 1800 717 1883 frequentiae
743 1821 845 1885 genus
867 1801 1075 1884 incaluisset,
1110 1804 1150 1866 si-

178 1882 280 1946 lentes
308 1884 494 1967 quietosque
522 1884 650 1948 lictores
679 1889 752 1948 tucs
780 1885 1033 1968 subsequebare:
1072 1908 1151 1950 nam

139 1988 165 2027 20
178 1967 296 2030 milites
323 1967 405 2031 nihil
425 1990 453 2054 ¹a
475 1968 567 2052 plebe
589 1967 702 2033 habitu
728 1969 962 2053 tranquillitate
990 1970 1151 2036 modestia

178 2051 378 2115 differebant.
412 2052 469 2116 ubi
490 2074 565 2117 uero
589 2053 724 2136 coepisti
747 2053 942 2137 Capitolium
965 2055 1150 2139 ascendere,

178 2137 375 2234 quamlaeta
391 2136 537 2235 omnibus
553 2138 736 2235 adoptionis·
746 2140 822 2202 tuae
837 2138 1030 2237 recordatio!
1053 2161 1151 2224 quam

178 2221 666 2390 {trituraturis
684 2228 799 2391 lilii
808 2245 917 2372 tlt
927 2222 1151 2393 illidit

140 2397 299 2474 asparem
321 2396 411 2457 tuum
433 2393 639 2476 praecipuam
660 2392 857 2475 uoluptatem
879 2393 984 2476 operis
1006 2394 1057 2457 sui
1080 2414 1150 2478 per-

180 2478 301 2560 cepisse
329 2478 528 2541 crediderim.
572 2481 670 2561 utque
698 2476 773 2540 dein
802 2477 904 2541 isdem
932 2477 1080 2561 uestigiis
1103 2478 1151 2542 in-

179 2561 290 2624 stitisti
313 2562 428 2643 quibus
450 2583 567 2644 parens
589 2566 663 2624 tuus
683 2561 798 2646 ingens
821 2561 901 2625 illud
925 2561 1056 2626 deorum
1079 2584 1151 2646 pro-

179 2644 302 2707 laturus
317 2665 479 2728 arcanum,
504 2667 583 2728 quae
602 2646 878 2710 circumstantium
892 2646 1029 2731 gaudia!
1054 2669 1150 2730 quam

179 2749 291 2791 recens
320 2728 452 2793 clamori
491 2750 585 2812 quam
608 2729 721 2792 similis
748 2731 797 2794 illi
820 2731 886 2794 dies
908 2731 963 2814 qui
985 2731 1074 2795 hunc
1095 2752 1150 2816 ge-

177 2865 381 2878 Μ

250 2937 262 2983 1
282 2935 347 2985 hinc
366 2939 450 3000 atque
468 2934 532 2985 inde
550 2951 596 2990 om.
613 2933 685 3002 ΒΙΙ8
703 2943 734 2988 ut
751 2936 817 2987 dim.
836 2952 891 2988 osc.
910 2939 1006 2988 fueras
1024 2952 1073 2987 ors.
1093 2939 1114 2986 B
1132 2938 1153 2985 V

179 3001 188 3067 1}
208 3005 239 3053 10
258 3007 365 3053 tantum
382 3018 436 3052 non
448 3004 567 3066 Lipsius:
586 3008 693 3053 tantum
705 3005 733 3051 Μ
750 3008 857 3054 tantum
876 3009 933 3054 tum
951 3020 1006 3055 non
1018 3005 1153 3055 Liuiaetus

182 3069 184 3135 l
206 3069 365 3136 clientibus]
385 3071 544 3120 dicentibus
563 3068 606 3136 (111
626 3073 656 3120 12
676 3087 728 3137 quo
747 3076 805 3121 tum
817 3073 851 3121 W
865 3069 876 3136 ΙΙ
895 3075 926 3122 13
945 3072 1153 3123 accursautium

180 3139 212 3185 W
257 3142 288 3189 14
306 3144 334 3188 te
352 3154 408 3188 uno
427 3153 498 3187 max.
517 3139 539 3186 V
574 3143 680 3189 artaret
697 3140 824 3189 Bebrius:
848 3144 955 3190 astaret
972 3136 1026 3203 1111
1045 3141 1076 3190 lo
1095 3144 1153 3189 sta·

97 3234 101 3240 ·
179 3207 229 3255 tim
260 3221 368 3270 quoquc
387 3207 404 3253 0
417 3203 427 3271 ΙΙ
441 3207 472 3256 19
490 3221 553 3256 nam
586 3207 643 3256 iam
655 3208 689 3257 N.
704 3207 826 3257 Heinsius
839 3205 848 3272 ΙΙ
861 3210 894 3256 22
913 3207 1038 3257 omnibus
1058 3223 1106 3257 cnr.
1121 3208 1155 3256 w

179 3272 188 3338 l}
205 3277 238 3324 23
257 3275 354 3324 eodem
371 3273 432 3324 loco
451 3289 497 3326 om.
517 3271 555 3341 01
578 3277 611 3325 24
629 3275 824 3325 salutauerant
843 3290 859 3340 ς
876 3277 1024 3325 Liuineius:
1047 3275 1153 3327 saluta·

179 3342 272 3390 uerint
290 3342 345 3389 BV
363 3341 555 3393 salutauerunt
573 3345 627 3391 ον
644 3339 648 3407 Ι
671 3343 703 3391 26
721 3346 827 3406 patrem
845 3345 905 3395 add.
924 3342 1093 3394 Beroaldus:
1105 3358 1154 3396 ora

179 3409 207 3455 Μ
225 3407 305 3457 deum
323 3410 413 3473 ipsum
431 3415 488 3461 tum
500 3410 633 3461 Liuineius
657 3407 660 3473 Ι
678 3411 711 3458 26
728 3413 814 3474 utque
832 3410 897 3461 dein
914 3410 1023 3475 scrir'psr':
1043 3415 1076 3460 ut
1093 3411 1155 3475 qui-

180 3476 240 3524 dem
253 3478 280 3523 Μ
295 3478 299 3539 Ι
315 3478 452 3529 institutis
470 3479 490 3526 B
503 3478 525 3525 V
541 3476 551 3542 ΙΙ
569 3480 602 3528 29
619 3479 719 3542 genuit
735 3481 844 3543 rcrtpsi:
862 3479 959 3544 genuit
976 3477 1050 3528 diam
1066 3480 1095 3527 Ι
1111 3478 1156 3535 illi

181 3539 235 3594 diei
255 3547 301 3608 qui
318 3545 344 3597 h.
364 3561 389 3611 g.
410 3545 469 3595 dies
491 3547 620 3595 Liuineius
637 3544 680 3595 illi
698 3545 744 3609 qui
763 3545 789 3599 h.
807 3562 833 3610 g.
853 3547 912 3598 dies
927 3546 1059 3610 Hauptius
1077 3550 1093 3599 l.
1110 3544 1130 3599 s'
