2394 3990
374 133 537 186 1111110
554 136 590 187 n.
610 137 721 188 ar-ae.
987 133 1028 198 31

54 305 155 370 guam
178 283 269 347 illam
292 287 325 346 et
347 283 483 348 ferream
505 283 643 348 frontem
666 285 878 368 nequicquam
901 285 1030 349 conuul-

54 368 236 433 nerandam
263 368 440 451 praebeant
459 368 588 451 punctis
617 372 650 432 et
671 374 766 432 notas
795 390 867 432 suas
892 369 1028 451 rideant,

55 452 112 518 sed
127 455 303 536 expectent
318 452 408 536 paria
423 453 565 536 praemio
582 453 698 517 damna
718 475 779 517 nec
800 453 935 517 maiores
956 456 1028 536 s'pcs

56 560 152 635 quam
168 536 429 634 metus'habeant
441 537 638 635 timeantque
653 543 813 634 quantum
821 538 1028 635 timebantur.

56 621 1055 790 1111111111111111111111115

60 794 120 857 est:
143 791 347 875 sedquanto
368 793 404 854 tu
426 790 617 873 quandoque
640 791 768 874 dignior
791 792 887 874 caelo,
910 792 964 874 qui
979 794 1029 855 tot

59 896 107 941 res
127 875 193 941 illis
223 874 370 938 adiecisti
391 879 522 958 propter
544 896 623 958 quas
649 874 739 940 illum
762 875 855 939 deum
877 875 1026 939 fecimus!

61 959 91 1023 id
114 960 178 1024 hoc
209 959 316 1044 magis
350 959 482 1024 arduum
507 959 571 1022 fuit
606 959 691 1042 quod
718 959 891 1042 imperator
918 959 1028 1022 Nerua

62 1048 91 1107 te
110 1043 198 1129 filios
219 1047 253 1107 te
283 1064 463 1107 successore
492 1044 698 1129 dignissimus
750 1065 880 1126 arquam
909 1065 1028 1127 magna
1041 1064 1068 1103 10

65 1128 214 1211 quaedam
243 1128 348 1192 edicto
370 1126 436 1191 Titi
464 1128 664 1192 adstruxerat
692 1067 835 1212 nihilque
863 1128 1028 1211 reliquisse

48 1212 121 1287 ¹uisi
142 1213 203 1277 tibi
226 1212 404 1296 uidebatur,
427 1213 481 1295 qui
503 1217 570 1276 tam
594 1213 694 1276 multa
717 1214 920 1296 excogitasti,
942 1217 981 1276 ut
1001 1213 1028 1276 si

48 1300 135 1365 rante
159 1300 192 1362 te
220 1296 305 1361 nihil
333 1301 415 1360 esset
444 1297 622 1361 inuentum.
668 1319 749 1394 quac
778 1298 906 1381 singula
928 1319 1028 1381 quan-

48 1384 128 1462 qtum
147 1382 210 1446 tibi
231 1381 357 1466 gratiae
379 1382 565 1465 dispensata
586 1382 790 1446 adiecissent!
819 1386 853 1445 at
874 1386 911 1445 tu
933 1383 1028 1445 simul

71 1466 1065 1615 111111111111111111

73 1652 224 1700 commune
270 1599 420 1703 rofertur.

52 1796 56 1803 Ι
124 1658 272 1784 XXXVl
307 1719 410 1794 Quam
431 1720 523 1783 iuuat
545 1740 673 1782 cernere
695 1718 852 1782 aerarium
875 1718 972 1782 silens
995 1721 1028 1781 et

76 1802 200 1948 qeietum
221 1808 255 1869 et
272 1805 365 1887 quale
387 1808 461 1869 ante
480 1804 637 1868 delatores
659 1804 742 1867 erat!
772 1824 858 1867 nunc
872 1803 1028 1885 templum

78 1882 84 1895 '
104 1887 149 1971 ud,
170 1911 257 1954 nunc
278 1909 353 1952 uere
374 1889 477 1972 aedes,
501 1910 568 1952 non
584 1887 768 1972 spoliarium
784 1888 902 1952 ciuium
918 1909 1028 1952 011111-
1041 1909 1066 1948 so

58 1968 1029 2141 1111111111111111

66 2138 202 2283 *pincipe
231 2143 311 2206 boni
339 2142 432 2207 malis
459 2143 599 2226 impares
628 2146 744 2207 essent.
788 2146 897 2206 manet
919 2146 1029 2205 tamen

112 2243 163 2289 nor
175 2226 295 2311 legum,
310 2225 460 2310 nihilque
476 2249 514 2290 ex
528 2227 659 2311 publica
673 2227 812 2291 utilitate
829 2226 1027 2307 conuulsum,

82 2318 127 2370 lec
150 2332 250 2394 poena
278 2311 426 2394 cuiquam
455 2313 605 2391 remissa,
640 2311 695 2375 sed
724 2311 833 2374 addita
860 2314 910 2373 cst
938 2308 1026 2391 ultio,
1040 2326 1066 2367 15

84 2389 223 2483 telumque
238 2398 399 2458 mutatum
415 2397 577 2480 quodiam
594 2417 660 2459 non
676 2395 844 2474 delatores,
869 2393 923 2456 sed
939 2393 1027 2476 leges

88 2466 219 2544 tuentur.
266 2484 301 2543 at
325 2480 462 2544 fortasse
490 2502 555 2544 non
584 2480 694 2544 eadem
721 2479 892 2542 seueritate
914 2477 1027 2540 fiscum

95 2572 131 2635 {m
152 2565 307 2627 aerarium
334 2564 478 2629 cohibes:
516 2566 613 2628 immo
640 2567 733 2629 tanto
761 2563 880 2626 maiore
909 2566 1028 2646 quanto

101 2636 210 2733 hstibi
234 2649 332 2714 licere
356 2648 393 2712 de
415 2652 470 2712 tuo
493 2671 588 2733 quam
611 2650 649 2713 de
671 2649 800 2734 publico
825 2647 937 2711 credis.
982 2647 1027 2710 di·

106 2724 149 2791 hr
167 2733 266 2797 actori
287 2737 382 2816 atque
405 2734 502 2797 etiam
516 2735 717 2816 procuratori
736 2737 792 2797 tuo
816 2733 862 2795 ‘in
876 2733 926 2796 ius
941 2732 1026 2812 ueni,
1040 2750 1066 2789 ao

113 2828 190 2893 quere
218 2817 258 2881 ad
280 2818 446 2881 tribunal'.
492 2840 567 2881 nam
589 2819 732 2883 tribunal
755 2838 878 2901 quoque
903 2817 1028 2900 excogi-

116 2892 164 2971 llm
180 2902 374 2986 principatui
389 2907 438 2966 est
458 2925 518 2985 par
539 2904 662 2987 ceteris,
685 2904 747 2966 nisi
762 2902 841 2965 illud
857 2901 1027 2987 litigatoris
1119 2897 1126 2915 ⁰

125 2978 270 3101 elitudine
292 2987 443 3050 metiaris.
479 3008 546 3050 sors
569 2991 601 3051 et
622 3010 703 3052 urna
724 2987 801 3051 fisco
821 2986 958 3050 iudicem
981 3006 1028 3048 as·

131 3100 264 3147 5—-

137 3186 153 3243 ⁸
165 3195 306 3254 expectent
318 3191 490 3242 Scdwarzr'us:
509 3197 633 3257 spectent
645 3193 671 3240 Μ
687 3191 691 3257 Ι
707 3194 827 3256 praemia
845 3206 877 3240 ac
890 3191 990 3239 damna
1002 3202 1026 3236 w

140 3248 187 3305 dlis
199 3258 317 3320 Lipsius.-
335 3259 376 3308 illi
393 3261 420 3307 Μ
436 3259 440 3324 l
456 3260 533 3309 illum
545 3274 582 3308 wa
602 3261 686 3310 alium
697 3261 724 3306 Μ
737 3257 747 3324 ΙΙ
761 3263 792 3310 10
810 3274 860 3324 per
877 3270 956 3320 quem
968 3258 985 3305 0
995 3256 1028 3305 W

149 3325 293 3435 ¹elerl‘udisti
308 3327 343 3388 Μ,
361 3344 431 3379 corr.
450 3325 486 3408 g]
502 3328 542 3407 sol
561 3330 696 3377 deleuerim
710 3326 720 3392 ΙΙ
732 3329 765 3409 dd
784 3327 865 3407 aedes
882 3325 1028 3407 Ι6101101111

186 3394 232 3441 16:
252 3392 318 3444 deus
335 3395 361 3441 n
378 3393 388 3459 ΙΙ
406 3398 439 3445 24
457 3395 525 3445 nihil
544 3412 577 3446 ex
596 3397 628 3444 W
645 3394 655 3460 ΙΙ
672 3399 704 3446 32
723 3399 890 3460 prinorpatur
909 3394 1028 3458 Lipsius:

154 3459 199 3507 dui
216 3461 233 3507 0
253 3463 397 3511 cruciatum
416 3464 436 3510 B
455 3465 477 3510 V
494 3464 526 3511 W
543 3462 553 3527 ll
571 3466 603 3513 33
621 3459 702 3529 urna]
722 3466 797 3512 irena
814 3463 835 3510 B
852 3461 882 3515 V.
