2406 4012
388 90 548 156 rasiano
567 108 601 161 n.
622 109 731 158 ae-ss.
996 112 1040 174 33

10 282 13 287 ·
64 255 212 319 nominis
238 257 342 319 nostri
369 255 491 319 inesset
518 259 553 319 ut
580 255 761 321 Romanam
789 258 950 322 ciuitatem
973 282 1039 324 non

13 372 21 377 ·
67 339 242 403 uicesimae
278 339 372 403 modo
409 362 519 404 uerum
556 341 653 404 etiam
690 342 885 405 affinitatum
921 343 1038 408 damno

10 490 12 495 ,
67 425 152 488 bene
177 425 376 506 compensari
398 428 565 509 putarent,
594 426 648 489 sed
670 425 721 489 his
744 428 881 490 maxime
904 427 1040 492 debebat

10 510 17 531 ⁷
68 508 216 593 gratuita
239 508 426 592 contingere
449 531 467 572 a
490 510 605 594 quibus
627 515 694 574 tam
718 532 835 594 magno
851 513 1038 577 aestimaba-

10 640 13 649 .
64 595 132 656 tur.
179 592 279 676 igitur
300 595 391 675 pater
413 596 487 656 tuus
509 594 617 658 sanxit
637 597 673 657 ut
695 595 778 678 quod
802 618 840 659 ex
862 598 974 660 matris
998 598 1063 661 ads

10 696 14 735 ι
66 676 199 760 liberos,
228 698 266 740 ex
293 676 466 741 liberorum
494 679 589 742 bonis
607 680 808 761 peruenisset
830 681 869 744 ad
892 686 1036 766 matrem,
1121 726 1124 731 «

10 772 15 829 Ξ
66 761 196 825 etiamsi
220 762 451 843 cognationum
478 763 548 826 iura
569 784 635 826 non
663 765 869 846 recepissent,
900 788 970 829 cum
994 768 1036 830 ci·

10 888 14 921 2
65 846 203 909 uitatem
235 845 496 929 adipiscerentur,
531 847 598 911 eius
625 847 811 911 uicesimam
841 870 882 912 ne
910 849 1035 913 darent.

10 926 15 1009 ’ς
67 929 202 994 eandem
224 930 463 995 immunitatem
485 932 520 994 in
541 932 685 1014 paternis
709 933 801 996 bonis
824 932 890 995 filio
914 932 1035 1016 tribuit,

11 1026 14 1031 '
65 1015 94 1077 si
123 1014 217 1078 modo
244 1014 394 1079 reductus
423 1020 507 1079 esset
532 1017 567 1080 in
589 1016 691 1100 patris
713 1019 917 1100 potestatem,
947 1021 1039 1081 ratus
1051 1040 1075 1076 10

64 1098 212 1182 improbe
236 1101 269 1162 et
289 1099 466 1164 insolenter
484 1121 521 1164 ac
542 1122 644 1184 paene
666 1102 763 1184 impie
785 1100 836 1165 his
851 1102 1035 1166 nominibus

65 1183 167 1246 inseri
188 1182 394 1266 publicanum
416 1206 475 1248 nec
498 1185 566 1248 siue
588 1185 715 1268 piaculo
739 1186 878 1269 quodam
900 1188 1035 1251 sanctis·

64 1267 164 1331 simas
206 1268 458 1332 necessitudines
499 1269 588 1332 uelut
629 1270 846 1335 intercedente
883 1272 1035 1335 uicesima

64 1351 189 1434 scindi3
216 1351 341 1416 nullum
367 1352 454 1416 tanti
482 1372 550 1417 esse
577 1355 717 1439 uectigal
747 1355 831 1438 quod
858 1355 975 1419 liberos
998 1377 1034 1419 ac

63 1438 216 1519 parentes
236 1437 359 1501 faceret
382 1440 558 1501 extraneos.
1047 1459 1071 1500 15

130 1519 315 1599 XXXVIII.
351 1521 515 1586 Hactenus
537 1522 608 1585 ille:
631 1522 759 1604 parcius
780 1523 917 1585 fortasse
939 1544 1034 1605 quam

63 1604 174 1669 decuit
201 1606 358 1689 optimum
384 1607 575 1690 principem,
605 1606 659 1669 sed
687 1627 754 1668 non
782 1606 910 1689 parcius
938 1628 1034 1688 quam

65 1690 226 1772 optimum
248 1692 383 1773 patrem,
408 1691 462 1774 qui
476 1693 628 1773 optimum
649 1689 857 1771 adoptaturus
879 1689 939 1754 hoc
956 1712 1034 1774 quo·

62 1794 128 1857 que
159 1775 302 1856 parentis
337 1775 609 1859 indulgentissimi
642 1775 721 1838 fecit
760 1775 842 1858 quod
878 1775 1033 1840 delibasse

61 1858 221 1942 quaedam
243 1881 299 1924 seu
320 1859 428 1943 potius
450 1859 684 1924 demonstrasse
708 1862 879 1923 contentus
907 1859 1033 1944 largam
1046 1882 1070 1920 so

61 1963 102 2007 ae
125 1944 402 2027 propeiutactam
424 1945 667 2008 benefaciendi
695 1945 861 2008 materiam
888 1945 954 2008 filio
986 1966 1032 2008 re-

61 2028 215 2093 seruauit.
253 2029 365 2092 statim
400 2050 477 2112 ergo
508 2031 634 2092 muneri
670 2033 736 2093 eius
769 2029 944 2093 liberalitas
978 2033 1033 2092 tua

60 2113 201 2176 astruxit
227 2115 279 2196 ut,
308 2113 574 2196 quemadmodum
602 2113 636 2176 in
663 2113 764 2197 patris
791 2113 890 2194 filius,
925 2113 970 2174 sic
997 2114 1032 2174 iu

61 2195 244 2260 hereditate
265 2198 324 2261 filii
345 2202 437 2282 pater
459 2202 543 2262 esset
567 2197 719 2261 immunis
747 2219 807 2260 nec
829 2197 939 2260 eodem
966 2216 1031 2258 rno-

59 2283 174 2345 mento
197 2302 259 2364 quo
281 2285 372 2366 pater
394 2304 461 2346 esse
484 2282 617 2345 desisset
642 2280 704 2344 hoc
726 2301 849 2363 quoque
872 2280 1070 2343 amiseras

62 2365 151 2448 quod
173 2365 295 2430 fuisset.
331 2367 470 2452 egregie,
494 2366 619 2443 Caesar,
644 2364 727 2447 quod
749 2363 896 2427 lacrimas
918 2383 1031 2446 paren-

58 2452 134 2513 tum
161 2450 338 2535 uectigales
367 2473 434 2515 esse
467 2471 532 2514 non
560 2451 689 2532 pateris.
742 2449 827 2511 bona
855 2447 913 2510 filii
941 2450 1031 2530 pater

59 2534 133 2597 sine
161 2534 378 2599 deminutione
409 2535 571 2619 possideat
604 2555 663 2598 nec
697 2533 816 2597 socium
844 2531 1031 2597 hereditatis

59 2618 203 2702 accipiat
228 2620 284 2702 qui
310 2641 376 2683 non
404 2620 503 2684 habet
523 2618 645 2683 luctust
674 2639 769 2683 nieme
803 2621 965 2682 recentem
999 2622 1031 2681 et

57 2702 234 2766 attonitam
257 2704 428 2768 orbitatem
452 2704 491 2768 ad
514 2704 784 2786 computationem
807 2705 901 2766 uocet
924 2705 1030 2787 cogat·
1044 2720 1069 2760 ao

57 2806 124 2870 que
145 2790 271 2870 patrem
285 2788 360 2872 quid
374 2788 540 2873 reliquerit
560 2788 644 2851 filius
660 2788 751 2852 scire.
789 2807 901 2870 augeo,
923 2791 1030 2869 patres

56 2871 246 2954 conscripti,
269 2872 425 2956 principis
447 2895 572 2956 munus,
596 2894 667 2936 cum
688 2872 821 2936 ostendo
844 2871 1031 2934 liberalitati

131 3095 145 3142 1
164 3093 271 3146 inesset
288 3111 335 3146 om.
348 3098 380 3143 W
392 3093 431 3160 113
449 3095 571 3146 debebat
589 3097 678 3147 om.W
695 3097 722 3144 in
739 3109 792 3145 ras.
813 3095 830 3142 3
848 3095 896 3143 list.
911 3089 949 3155 114
968 3107 1030 3156 gra-

54 3161 132 3211 tuito
151 3162 170 3209 0
188 3159 198 3226 1
215 3164 247 3214 10
264 3163 395 3214 redactus
415 3163 530 3214 Cuiacr'us
548 3163 600 3216 obs.
619 3163 645 3210 X
664 3165 709 3224 23,
728 3160 840 3212 relictus
860 3176 883 3209 e.
901 3160 918 3208 i.
937 3175 964 3223 p.
982 3175 1029 3225 po·

55 3233 165 3280 testate
183 3231 317 3281 bisancius
346 3227 356 3295 1
387 3231 419 3280 14
438 3245 499 3281 esse
518 3231 627 3280 tantic
658 3226 668 3293 11
699 3229 730 3278 18
748 3228 880 3294 optimum
902 3229 963 3277 add.
982 3229 1031 3277 Oa-

53 3303 183 3348 ianaeus:
206 3314 253 3349 om.
271 3299 298 3346 H
321 3295 331 3363 11
359 3300 390 3350 19
415 3297 554 3349 delibasse
581 3297 743 3348 Beroaldus:
773 3293 942 3346 deliberasse
965 3298 992 3343 11
1016 3296 1027 3357 1

54 3366 92 3415 22
112 3362 189 3431 ergo]
209 3366 293 3429 igitur
311 3364 521 3434 Wlnumerill
550 3362 560 3430 11
589 3367 622 3415 25
640 3365 757 3416 desIsset
775 3377 811 3413 w:
832 3361 997 3414 dedissetlt
1016 3362 1028 3428 1

53 3433 91 3482 28
111 3431 298 3485 diminutione
315 3433 409 3499 11129
428 3449 507 3499 quem
526 3449 581 3484 non
600 3433 687 3484 habet
704 3433 810 3496 Lipsius

105 3522 196 3563 Panto.
210 3533 265 3565 aar.
815 3520 834 3569 b
