2394 3990
216 177 431 230 GRATIARUM
450 176 560 230 ACTIO
579 178 743 231 IULIANO.
767 183 875 230 17-19.
966 178 1030 244 259

60 348 120 412 que
149 348 263 391 omnes
294 326 330 390 in
357 328 493 392 emendo
521 327 665 392 uidemus
693 327 885 412 repensandi
912 328 1030 394 fiducia

59 432 180 496 magno
203 414 371 495 erectoque
399 412 506 475 auimo
527 433 638 476 aurum
666 415 898 496 argentumque
920 412 1030 495 depro-

59 517 161 578 mere,
198 517 253 560 eos
282 516 357 559 uero
386 496 441 579 qui
469 517 577 579 preces
606 497 743 580 alligant
771 496 905 561 humiles
934 501 1030 580 atque

60 581 217 645 demissos
253 579 308 643 uix
341 580 563 644 cunctabunda
598 584 692 664 atque
722 581 898 645 titubantia
931 582 1029 645 uerba

60 665 205 748 proferro
228 684 330 747 neque
353 664 456 727 solum
479 665 653 728 orationem
675 666 847 747 inclinare,
876 666 931 729 sed
953 666 1056 730 totiss

61 748 248 832 corporibus
270 749 304 811 in
350 769 432 812 enua
453 748 620 814 summitti.
649 770 789 832 prorsus,
813 755 849 812 ut
872 751 1031 814 exanimi

58 835 122 897 mei
145 832 309 897 sententia
325 769 458 917 loquars
472 833 611 896 maximo
634 833 745 897 uendit
764 834 953 898 beneficium
977 836 1030 918 qui

59 938 171 1001 preces
195 916 322 999 aooipit.

129 999 220 1065 XIX.
270 1002 323 1063 An
351 1021 443 1082 uero,
477 1000 505 1063 si
533 1000 720 1064 centuriatis
753 1000 889 1064 comitiis
918 1003 1030 1064 consul

60 1088 186 1149 oreatus
210 1104 325 1163 essem,
357 1084 528 1168 gloriosius
555 1083 635 1148 mihi
662 1084 806 1148 uniuersi
826 1085 938 1169 populi
965 1086 1029 1149 suf·
1044 1108 1068 1147 ιο

59 1167 375 1265 Ἑτειςὶἰεβθοίὃταῒυε
398 1167 547 1232 uiderer?
584 1169 731 1252 minime,
755 1168 910 1252 siquidem
934 1170 1031 1233 etiam

59 1253 124 1316 illis
138 1254 256 1337 prrsois
271 1252 468 1336 temporibus
487 1253 661 1317 multorum
678 1254 803 1318 ambitu
817 1253 880 1318 fuit
900 1275 1031 1338 campus

59 1337 202 1401 infamis.
248 1339 326 1401 nota
354 1337 529 1401 diuisorum
556 1337 696 1423 flagitia,
730 1341 827 1403 notae
855 1339 1031 1403 loculorum

60 1421 272 1506 praestigiae,
309 1424 379 1485 tum
411 1443 579 1505 operarum
613 1423 653 1486 ad
682 1424 747 1487 uim
781 1427 814 1486 et
842 1423 1031 1487 seditionem

60 1527 176 1570 manus
199 1508 336 1589 emptae.
380 1527 440 1570 neo
463 1528 541 1570 sane
562 1502 670 1589 potest
692 1508 727 1570 in
750 1506 883 1570 confusa
904 1508 1030 1592 imperi·
1044 1528 1070 1572 15

60 1594 168 1654 torum
192 1589 396 1654 multitudine
419 1590 587 1674 quiequam
617 1611 685 1653 esse
706 1611 911 1672 perpensum.
955 1612 1031 1653 nam

63 1696 134 1739 cum
157 1674 235 1738 boni
256 1676 321 1737 rari
344 1675 424 1757 sint,
450 1673 667 1757 improborum
690 1674 807 1756 uulgus
829 1674 1031 1756 immensum,

61 1760 234 1906 {lanampp
249 1762 365 1906 lqutepr
386 1763 595 1904 numerusffet
615 1757 710 1854 turba
728 1757 939 1905 prlaepolleaq:
962 1758 1031 1906 {ine

61 1864 482 2013 stratuum
497 1862 1031 2012 {tfttttpttluffttttitt
1044 1951 1070 1990 20

61 2011 147 2076 unde
161 2011 283 2075 factum
306 2015 355 2076 est
376 2016 413 2076 ut
433 2011 568 2076 maiores
589 2012 692 2077 nostri
715 2013 862 2077 uiderent
877 2011 1031 2077 Gabinius

62 2095 249 2180 designatos
277 2099 309 2160 et
335 2095 479 2179 repulsos
507 2095 654 2162 Catones.
700 2098 755 2162 sed
783 2097 863 2161 haeo
890 2101 1030 2181 uetusta3

61 2179 171 2244 taedet
203 2181 361 2245 reeordari
395 2180 659 2264 quemadmodum
692 2183 788 2266 paulo
823 2184 898 2244 ante
928 2181 1033 2244 honor

61 2264 183 2347 petitus
209 2265 262 2327 sit.
307 2265 361 2329 uix
383 2267 478 2348 pauoi
506 2266 681 2329 extiterunt
702 2285 837 2348 quorum
859 2263 1032 2327 uirtutibus

64 2347 241 2412 deferretur
248 2356 270 2430 ‚'
287 2370 359 2413 oum
387 2348 515 2432 quidem
544 2349 621 2433 ipsis
650 2348 714 2412 illis
736 2347 830 2411 tarda
856 2347 1032 2410 industriae
1045 2367 1070 2408 25

63 2453 101 2496 ao
122 2433 295 2516 probitatis
319 2454 441 2497 meroes
463 2433 595 2496 ueniret.
641 2432 737 2497 ceteri
760 2452 836 2495 uero
859 2430 1032 2514 perditissi-

63 2538 150 2581 mum
166 2538 322 2601 quemque
343 2539 383 2582 ex
398 2517 510 2582 aulicis
528 2516 786 2600 frequentabant.
809 2514 857 2577 uti
872 2515 1031 2598 quispiam

63 2622 121 2747 qer
142 2605 228 2666 artes
250 2602 452 2685 turpissimas
478 2601 663 2685 imperatori
685 2599 923 2684 acceptissimus
945 2599 1031 2664 uide-

85 2688 174 2768 atur,
201 2707 272 2750 eum
294 2686 430 2750 assiduis
452 2686 612 2770 obsequiis
635 2687 857 2752 emerebantur
880 2685 1032 2770 donisque

65 2769 247 2918 {tillut
281 2771 647 2920 uitulinum
668 2771 1032 2940 stultulus·
1045 2791 1071 2831 ³⁰

240 2903 248 2936 ²
654 2906 663 2938 ²

65 3006 267 3017 ———-.—..-..-

132 3095 309 3158 aereusque
327 3094 347 3141 B
365 3094 387 3141 V
404 3093 493 3144 Bertr
521 3098 613 3143 erecto
630 3092 653 3140 A
669 3094 703 3141 W
728 3092 868 3140 certatoc
902 3089 912 3154 ΙΙ
939 3086 961 3150 li
979 3092 1034 3142 mei

65 3159 88 3206 A
103 3158 193 3213 Bertr
212 3176 259 3212 om.
278 3161 298 3208 B
316 3161 333 3209 0
351 3161 373 3208 V
390 3162 423 3209 W
442 3162 447 3224 Ι
466 3155 571 3223 uendit]
591 3160 639 3209 dat
657 3173 682 3207 w
706 3156 715 3223 ΙΙ
741 3162 772 3209 13
792 3158 960 3208 diuersorum
979 3160 1007 3206 11
1026 3157 1030 3220 l

64 3225 216 3277 loculorum
234 3227 379 3278 Liuineius:
400 3227 551 3278 luculorum
569 3229 596 3274 Μ
624 3225 634 3291 ss
665 3229 696 3276 14
715 3226 846 3291 prestigia
864 3227 884 3274 B
902 3242 931 3275 m.
950 3228 966 3274 2
985 3226 1032 3275 W:

65 3294 204 3358 prostagie
221 3296 280 3343 AB
300 3313 330 3346 m,
349 3299 363 3344 1
382 3299 399 3344 c
417 3296 439 3343 V
460 3294 470 3360 ΙΙ
493 3298 524 3346 15
542 3295 739 3359 imperatorum
756 3295 779 3342 A
800 3293 811 3359 ΙΙ
832 3296 863 3343 '21
884 3289 1032 3360 Gabinius]

64 3360 193 3413 Uatinios
211 3364 343 3414 Liuineius
361 3362 371 3428 ΙΙ
392 3366 425 3413 ‘23
444 3364 540 3414 taedet
558 3360 610 3425 (uel
626 3361 720 3427 pudet)
739 3362 846 3425 scripsi:
865 3360 909 3409 det
927 3359 950 3408 A
967 3360 1034 3411 dent

65 3429 85 3478 B
97 3432 116 3478 c
127 3432 150 3478 V
162 3443 186 3478 w
202 3430 206 3494 Ι
221 3432 303 3480 malim
321 3436 386 3480 unte
406 3436 432 3480 te
455 3428 465 3495 ΙΙ
485 3434 518 3481 25
538 3427 657 3495 quidem]
678 3430 743 3495 quid
760 3431 782 3477 A
800 3426 811 3493 ll
831 3429 864 3478 27
882 3428 997 3495 quisque
1017 3431 1034 3478 0

65 3494 74 3559 'l
94 3499 128 3547 29
146 3497 358 3549 demorabantur
375 3498 557 3549 Rittersturius
581 3495 591 3562 ΙΙ
615 3500 648 3548 30
666 3497 771 3561 quidem
790 3498 826 3561 H,
845 3500 951 3548 correxi

325 3610 341 3639 ,
829 3578 880 3632 17·
