2406 4012
263 243 516 296 CONSTANTINO
535 243 706 296 AUGUSTO
724 245 758 295 D.
776 246 886 296 27—29.
993 241 1057 306 235

85 393 223 459 instruit
245 393 291 456 sic
312 392 400 475 ripae
415 393 536 455 locatos
558 395 594 455 ut
608 390 793 457 ultimorum
813 392 952 476 uestigia
967 387 1056 474 prae-

88 478 180 563 sagio
202 475 340 560 quodam
362 487 535 540 euenturae
556 476 655 541 cladis
677 477 763 540 unda
782 476 891 540 fatalis
914 476 1057 560 allueret,

87 563 135 627 ita
156 582 236 626 uero
258 560 463 624 multitudine
485 561 709 646 suppeditante
731 564 768 624 ut
789 560 872 624 ultra
893 582 988 644 quam
1009 561 1056 624 ui·

90 668 142 711 sus
177 645 233 730 agi
259 648 367 728 posset
393 649 524 709 extenta
557 646 640 709 acies
669 646 858 730 pertineret3
895 666 963 708 non
993 665 1055 727 quo

89 731 181 797 frons
203 729 355 793 inbecilla
375 732 480 792 tractu
506 730 648 793 inualido
671 730 853 811 duceretur,
887 729 943 793 sed
964 732 1081 794 tantas

90 814 307 911 subsidiorum
339 816 432 897 atque
460 814 606 911 ordinum
635 813 876 910 confirmatione
909 818 945 876 ut
972 814 1056 877 acies

87 898 1057 1065 tltttllttlffll{llzlsstttltttdtbfflt

86 1066 144 1133 lon
172 1067 260 1130 'tudo
282 1069 439 1130 tenuaret.

145 1088 275 1215 im.
331 1150 586 1214 Praetermittam
622 1149 685 1214 hoc
717 1150 803 1232 loco,
842 1148 1056 1214 Constantine
1069 1175 1095 1214 ro

85 1235 244 1317 maxime,
273 1233 464 1318 disponendi
486 1235 597 1298 militis
619 1235 667 1298 tui
688 1235 802 1298 miram
824 1233 1056 1298 incredibilem-

84 1341 151 1405 que
172 1320 340 1382 rationem.
368 1318 431 1382 hoc
454 1319 539 1382 enim
556 1319 703 1402 persequi
725 1322 780 1400 qui
801 1318 939 1382 uellem?
962 1340 1056 1402 quem

83 1403 232 1468 tenuisse
247 1403 351 1467 locum
375 1401 520 1467 caelestis
539 1405 695 1468 exercitus
716 1402 841 1468 dicam?
867 1424 1057 1486 quamquam

84 1487 163 1552 illos
184 1509 250 1551 non
273 1487 408 1552 arbitror
436 1489 563 1552 stetisse
584 1489 647 1552 nisi
669 1491 787 1553 tecum.
831 1487 1057 1551 difficillimam

85 1572 177 1636 enim
206 1593 334 1656 pugnae
361 1575 484 1656 partem
510 1572 570 1635 tibi
597 1572 711 1654 deligis
739 1576 785 1654 et,
814 1574 977 1653 tamquam
997 1592 1056 1654 pro
1070 1593 1095 1634 15

84 1657 238 1721 fortunae
252 1655 353 1740 gradu
368 1656 479 1720 modus
500 1657 618 1720 uirium
632 1656 795 1737 debeatur,
818 1655 865 1718 ita
883 1656 968 1717 inter
983 1657 1056 1717 tuos

84 1762 156 1805 non
191 1740 240 1804 uis
272 1740 453 1824 principatu
486 1741 590 1823 magis
623 1738 776 1803 excellere
809 1760 903 1822 quam
937 1737 1055 1801 labore.

87 1824 377 1890 cumulatissimum
393 1824 521 1907 quidem
536 1824 692 1907 principis
708 1845 823 1887 munus
838 1826 897 1906 est,
917 1823 945 1886 si
959 1843 1057 1886 manu

87 1911 209 1990 cesset,
241 1929 305 1972 non
334 1929 475 1973 cessasse
504 1909 652 1989 consilio,
688 1909 743 1971 sed
771 1913 807 1972 tu
833 1929 899 1971 non
927 1907 1057 1991 segnior

84 2013 203 2078 gerere
225 2013 318 2074 quam
339 1993 447 2056 iubere
472 1993 567 2056 simul
588 1993 746 2058 exercitus
767 1995 840 2056 tuos
862 1994 987 2057 monitu
1009 2015 1055 2056 re·
1070 2016 1095 2055 ao

113 2078 156 2158 ‘s,
180 2097 275 2161 opere
296 2079 401 2155 iuriae,
425 2077 568 2141 incendis
591 2078 746 2161 exemplo.
779 2078 863 2160 quod
885 2076 937 2141 hic
960 2077 1057 2140 etiam

102 2159 172 2225 acis
198 2161 377 2245 promptius
405 2183 500 2244 quam
526 2162 559 2225 in
589 2163 702 2226 ceteris
731 2162 874 2244 proeliis,
910 2160 995 2245 quod
1021 2161 1057 2224 in

85 2246 252 2329 praesenti
275 2247 344 2308 erat
368 2247 434 2309 tam
457 2245 563 2330 ampla
606 2267 711 2330 ugnas
739 2267 860 2309 merces
883 2266 978 2328 quam
1001 2266 1057 2326 pu-

85 2333 207 2414 gnator
227 2329 360 2393 illustris
390 2334 422 2392 et
447 2330 556 2393 statim
578 2269 680 2393 lioma
707 2329 849 2392 uictoris.
895 2328 982 2391 cuius
1011 2327 1057 2391 rei

85 2435 164 2478 cum
185 2413 361 2497 imaginem
384 2415 464 2498 cepi,
488 2415 630 2477 dicturus
652 2413 809 2496 horresco.
846 2411 971 2476 inuadis
993 2411 1056 2493 pri-
1070 2432 1095 2472 as

85 2519 162 2562 mus
184 2499 294 2580 aciem,
317 2498 403 2562 solus
425 2497 584 2581 irrumpis.
613 2497 807 2561 obumbrant
828 2499 956 2560 euntem
978 2495 1057 2559 telo·

85 2602 162 2646 rum
183 2582 266 2646 irriti
288 2582 407 2665 iactus,
435 2585 529 2647 sonat
550 2582 665 2646 ictibus
688 2581 784 2645 umbo
807 2582 934 2645 securis.
979 2600 1056 2664 quos

86 2667 224 2730 trabalis
253 2665 348 2731 hasta
374 2673 431 2732 tua
459 2667 587 2746 deiecit,
621 2667 782 2731 insultans
810 2687 884 2731 ecus
912 2665 1055 2749 proterit.

85 2750 196 2835 fulget
221 2751 338 2815 nobilis
360 2752 453 2837 galea
480 2755 512 2815 et
539 2773 670 2816 corusca
697 2752 767 2816 luce
789 2772 987 2837 gemmarum
1012 2751 1057 2814 di·

86 2835 203 2898 uinum
223 2836 377 2900 uerticem
399 2839 567 2900 monstrat.
606 2858 682 2901 auro
706 2836 841 2920 clipeus,
869 2856 946 2898 auro
968 2857 1057 2899 arma
1070 2856 1095 2896 so

159 3111 173 3157 1
192 3109 324 3158 instruxit
341 3110 401 3159 edd.
419 3106 429 3172 tl
449 3111 466 3158 4
484 3109 572 3173 possit
590 3109 613 3157 Δ
632 3105 643 3172 ΙΙ
664 3110 679 3156 7
698 3107 794 3155 mirum
811 3106 837 3154 Ι
853 3102 857 3168 Ι
873 3110 1017 3168 utrumque
1035 3105 1058 3153 Δ

89 3174 102 3223 Ι1
125 3177 157 3225 12
176 3176 222 3240 qui
240 3192 300 3242 epo:
319 3192 365 3227 om.
381 3173 435 3240 ΙΙΙ
458 3179 489 3226 13
506 3178 629 3226 tenuisse
646 3190 738 3224 censor
754 3175 873 3224 editionis
884 3173 1057 3236 Jaegerianae

86 3247 115 3294 r'n
133 3243 191 3295 bibe.
208 3245 312 3308 philot:
331 3244 466 3294 tenuisset
481 3244 509 3290 1
538 3242 548 3308 ΙΙ
579 3245 610 3292 16
627 3237 736 3305 uirium]
755 3241 889 3291 uirtutum
908 3241 966 3289 edd.
990 3236 1000 3304 ΙΙ
1026 3241 1057 3288 18

87 3306 232 3377 cumulat]
253 3326 314 3363 cum
331 3310 550 3361 ualentissimum
568 3313 602 3359 W
631 3309 641 3375 ΙΙ
673 3310 703 3359 19
721 3324 776 3414 app
794 3308 882 3360 cnud
911 3305 921 3372 ΙΙ
950 3309 983 3357 20
1002 3322 1056 3355 mo·

87 3430 148 3478 nito
167 3430 209 3490 13
228 3446 261 3479 an
279 3430 415 3480 monitor?
473 3431 505 3479 27
524 3429 629 3478 securis
649 3425 783 3491 (securus)
803 3443 862 3493 epos
881 3439 995 3476 securus
1013 3424 1058 3475 his

87 3498 117 3544 Π
135 3511 258 3547 securus.
282 3497 333 3546 hos
350 3499 409 3547 edd.
445 3495 450 3561 Ι
480 3499 513 3547 28
531 3503 579 3546 tua
597 3497 700 3545 addidi:
718 3511 765 3546 om.
782 3496 810 3542 lt
827 3495 833 3561 Ι
852 3508 916 3545 ecus
935 3509 996 3559 eqo:
1015 3508 1057 3544 se·

88 3578 138 3614 cus
154 3564 182 3610 lt
199 3565 275 3616 ferus
294 3566 351 3614 edd.
