2406 4012
242 222 496 277 CONSTANTINO
514 224 686 276 AUGUSTO
704 225 738 279 D.
759 228 865 278 17-19,
977 229 1037 294 175

64 373 177 439 festim
204 374 342 438 nauibus
371 374 536 438 euolarent
563 373 724 459 effusoque
753 396 847 440 cursu
876 399 943 441 non
972 379 1037 444 iam

64 456 217 525 Rhodani
244 458 413 542 curricula,
444 457 499 523 sed
521 459 591 542 ipsa
613 459 844 558 quodammodo
866 464 1036 527 uentorum

65 543 169 610 fiabra
195 546 443 628 praeuerterent.
487 546 597 608 tantus
625 544 697 608 illos
730 546 918 611 incenderat
946 568 1036 612 amor

65 627 211 693 numinis
231 630 279 692 tui
301 630 351 711 ut,
380 627 525 712 quamuis
548 629 667 692 scirent
692 631 943 714 oppugnandam
967 653 1035 697 esse

65 711 316 811 munitissimam
337 712 509 797 ciuitatem,
533 712 678 778 sufficere
701 714 763 778 sibi
785 716 952 781 crederent
965 739 1061 800 per-5

65 818 187 863 uemre.

127 880 218 945 xlx.
267 879 413 944 Massilia
441 881 543 963 enim,
574 884 611 945 ut
638 881 744 965 audio,
777 883 811 946 in
839 884 1035 968 profundum

64 987 153 1031 mare
174 965 363 1049 prominens
391 967 424 1028 et
444 964 660 1029 munitissimo
689 967 834 1031 accincta
860 970 971 1052 portu,
999 970 1035 1032 in

65 1072 161 1135 quem
177 1051 314 1134 angusto
336 1049 423 1113 aditu
437 1047 689 1114 mediterraneus
712 1051 818 1115 refluit
832 1053 932 1135 sinus,
957 1053 1034 1117 solis

64 1134 155 1199 mille
169 1134 354 1219 quingentis
373 1133 520 1216 passibus
535 1136 639 1199 terrac
660 1134 818 1219 cohaeret,
843 1159 905 1220 qua
920 1138 1072 1205 firmis-10

64 1219 166 1284 simus
188 1226 221 1283 et
238 1218 380 1283 turribus
400 1218 550 1303 frequens
572 1241 681 1284 murus
703 1221 885 1304 opponitur.
917 1222 1033 1306 quippe

65 1304 145 1368 olim
167 1302 305 1369 Graecos
327 1302 489 1387 Italusque
510 1302 587 1368 illue
610 1325 787 1389 conuenae,
818 1328 890 1370 cum
912 1307 1033 1370 artibus

63 1388 177 1473 ingeni
219 1410 258 1453 ue
283 1388 452 1472 pollerent,
475 1387 572 1452 etiam
594 1390 663 1472 ipse
687 1390 795 1454 docuit
815 1390 903 1454 locus
926 1393 1034 1455 omnia

63 1493 147 1556 quae
169 1473 207 1537 be
233 1493 252 1538 ο
278 1474 352 1537 usui
372 1471 481 1537 forent
502 1471 622 1558 largius
650 1475 685 1537 in
707 1495 778 1537 eam
800 1478 925 1557 partem
951 1497 1033 1558 quac

63 1556 147 1621 adiri
167 1560 276 1642 posset
296 1555 496 1641 impendere,
526 1579 597 1622 cum
619 1560 735 1621 natura
757 1558 792 1621 in
815 1559 927 1622 ceteris
949 1580 1031 1622 sum·
1046 1582 1070 1622 15

84 1644 157 1707 tum
178 1643 283 1726 operis
305 1642 489 1707 remisisset.
520 1642 628 1725 itaque
651 1641 738 1705 illam
760 1644 830 1705 tum
851 1643 943 1727 graui
964 1643 1033 1707 fato

62 1665 197 1793 llaesari
223 1729 333 1811 portas
365 1747 424 1810 pro
451 1726 530 1791 duce
558 1727 683 1790 seniore
718 1725 918 1791 claudentem
946 1730 1032 1791 terra

61 1810 1032 1981 htttttttlttdt”hartrihqtlutssrtt

62 1980 118 2045 nix
140 1980 281 2045 obsessio
304 1981 454 2045 diuturna
475 1980 638 2064 patefecit,
663 2003 734 2046 cum
756 1983 866 2045 tamen
881 1982 1031 2047 Graeculi
1044 2005 1069 2045 ac

61 2065 272 2149 magistratus
301 2068 334 2130 et
361 2066 467 2149 ipsum
490 2064 660 2130 Caesarem
688 2069 721 2130 et
746 2087 820 2130 mox
842 2067 936 2132 duces
965 2068 1032 2132 eius

61 2153 97 2215 et
119 2150 227 2233 copias
248 2172 316 2215 non
338 2153 405 2215 tam
427 2149 550 2215 uiribus
573 2150 638 2214 suis
660 2172 755 2234 quam
773 2151 939 2216 moenibus
961 2173 1032 2234 rep·

59 2233 231 2319 pnlissent.
274 2237 309 2299 at
331 2235 417 2299 enim
438 2256 525 2300 nunc
546 2235 649 2319 primo
671 2238 741 2317 tuo,
763 2236 953 2317 imperator,
976 2235 1030 2297 ad·

60 2321 163 2385 uentu
190 2319 358 2403 primoque
380 2320 503 2403 impetu
531 2319 687 2383 exercitus
710 2319 759 2382 tui
784 2318 868 2382 nihil
890 2316 1031 2382 eiusdem

61 2402 227 2469 Massiliae
249 2403 384 2469 altitudo
399 2425 572 2486 murorum,
594 2402 677 2465 nihil
693 2402 900 2467 creberrimae
915 2405 1029 2486 turres,
1043 2423 1068 2463 ‘25

60 2487 147 2553 nihil
166 2487 231 2553 loci
251 2491 368 2553 natura
395 2491 553 2553 remorata
580 2491 629 2551 est
651 2487 820 2570 quominus
848 2489 880 2551 et
902 2489 1032 2571 portum

62 2594 101 2638 ca
124 2594 194 2638 eres
216 2576 249 2638 et
269 2574 381 2638 urbem
404 2572 572 2652 continuo,
598 2571 625 2634 si
647 2571 755 2636 uelles.
800 2571 919 2657 quippe
941 2574 1031 2637 tanta

60 2658 84 2721 fi
107 2658 181 2722 ucis
204 2679 330 2724 murum
358 2679 486 2723 omnem
514 2656 632 2725 milites
654 2657 840 2722 inuaserant
861 2660 898 2721 ut
919 2658 1031 2723 statim

61 2742 135 2806 sine
154 2741 251 2808 dubio
274 2743 437 2808 ascensuri
457 2743 608 2822 fuissent,
632 2742 696 2806 nisi
718 2742 753 2806 in
774 2742 929 2826 parandis
951 2765 1030 2828 quas

61 2826 272 2893 admouerent
294 2828 390 2893 scalis
418 2828 631 2892 coniecturam
661 2826 822 2892 oculorum
849 2826 1030 2893 sublimitas
1043 2846 1068 2887 ro

60 2910 241 2976 fefellisset.
281 2912 335 2978 sed
358 2912 404 2977 sic
426 2933 551 2996 quoque
577 2910 670 2975 multi
693 2910 850 2975 scalarum
873 2912 1029 2976 breuitate

62 2995 198 3080 decepti,
220 2998 302 3081 quod
324 2999 487 3081 supererat
507 2997 661 3074 ascensui,
685 2997 822 3059 extentis
845 2996 1029 3078 corporibus

60 3136 231 3145 ——nnae—-m
238 3138 267 3144 ...-

133 3221 145 3269 1
166 3218 317 3286 effusoqne]
338 3220 424 3271 effuso
442 3223 496 3271 iam
513 3222 547 3269 W
570 3218 580 3284 ΙΙ
610 3222 626 3268 3
643 3218 730 3267 flabra
748 3219 893 3267 Liuineius:
911 3218 984 3266 flaua
1002 3219 1029 3264 Μ

59 3288 175 3339 flamina
193 3303 210 3355 ς
227 3291 286 3340 edd.
302 3287 306 3352 Ι
342 3294 512 3348 eruerterent
529 3288 549 3336 B
562 3287 583 3335 V
595 3286 633 3353 1Ιὸ
652 3299 764 3350 pernen,
782 3287 806 3335 Δ
816 3286 850 3333 W
863 3286 936 3334 Berc.
957 3298 983 3333 m
1000 3299 1026 3334 r:

59 3369 176 3421 preuen.
193 3357 214 3406 B
233 3356 255 3404 V
272 3371 291 3405 u
318 3305 339 3421 ll
359 3359 375 3407 9
392 3356 601 3406 mediterraneus
620 3354 764 3404 Lucceius:
782 3352 948 3402 meridianus
967 3354 995 3399 Η
1025 3350 1029 3415 l

59 3425 95 3475 23
112 3438 187 3473 nunc
207 3424 345 3475 Gruterus:
364 3438 428 3472 num
440 3426 467 3471 Μ
481 3424 565 3485 Bert„
584 3424 633 3473 del.
652 3437 676 3471 w
689 3418 699 3486 ΙΙ
712 3423 744 3470 15
763 3420 944 3471 creberrimae
963 3420 1029 3470 ΔΨ

58 3488 151 3541 Ber-t:
171 3491 367 3542 celeberrimae
383 3491 403 3539 B
422 3493 439 3539 0
458 3492 479 3538 V
499 3489 509 3555 11
530 3494 562 3541 27
580 3489 667 3540 uelles
683 3491 812 3554 Lunpr'us:
830 3487 902 3539 uelis
921 3486 975 3553 1111
996 3490 1029 3539 18

58 3559 259 3610 ἰηιιεεθιιιΜῦ
283 3557 293 3623 ΙΙ
317 3562 348 3610 31
368 3558 413 3609 sed
432 3558 521 3608 herr:
540 3575 586 3609 om.
604 3557 631 3605 11
654 3556 664 3623 ΙΙ
689 3559 720 3608 32
739 3557 882 3622 extemptis
900 3557 924 3605 Δ
