2406 4012
138 202 199 267 104
431 203 482 253 111.
518 201 572 252 oa.
591 201 803 253 unnnarrur

135 353 170 416 in
185 353 320 416 aduersa
337 351 496 415 nitentem
511 350 633 433 impetu
649 349 729 414 caeli
743 351 830 433 rapit
843 350 955 415 solem.
978 351 1110 418 itidem·

136 458 212 521 que,
243 436 452 516 Maximiano,
480 433 629 498 Herculis
657 437 704 499 tul
729 437 846 500 actus.
889 436 988 501 mitto
1012 438 1109 523 quod,

137 523 213 586 dum
239 522 324 585 inter
350 519 496 584 homines
524 521 607 601 erat,
641 521 743 582 terras
770 540 881 583 omnes
909 524 942 585 et
968 538 1107 587 nemora

136 606 280 689 pacauit,
313 604 407 667 urbes
435 603 572 666 dominis
600 602 779 668 crudelibus
807 604 971 688 liberauit,
1008 606 1108 671 etiam

110 691 225 754 scaelo
253 689 393 752 dirarum
423 687 535 751 alitum
562 687 693 751 uolucra
722 687 787 752 tela
815 688 971 773 detraxit,
1009 692 1105 755 etiam
1152 692 1155 699 '

135 778 271 837 terrores
291 772 431 836 inferum
451 772 588 836 abducto
604 773 735 836 custode
753 775 964 856 compescuit:
989 775 1104 839 exinde

137 861 221 922 certe
235 856 443 921 nihilominus
458 859 534 940 post
548 855 753 939 adoptionem
770 857 918 921 caelitum
933 856 1104 923 quentae·

135 964 196 1027 que
223 942 392 1007 conubium
414 943 586 1025 perpetuus
609 943 659 1004 est
679 940 808 1005 uirtutis
836 945 974 1006 assertor
1003 945 1102 1007 omni·

136 1028 256 1112 busque
281 1027 412 1091 fortium
438 1026 581 1089 uirorum
607 1024 769 1088 laboribus
790 1026 881 1090 lauet
907 1027 995 1091 etin
1017 1028 1102 1091 omni

97 1135 123 1173 ro
136 1112 308 1177 certamine
345 1117 478 1175 conatus
512 1109 644 1173 adiuuat
674 1109 832 1174 iustiores.
888 1110 940 1174 his
973 1112 1102 1194 quidem

137 1201 222 1261 certe
244 1195 366 1278 diebus,
390 1194 504 1278 quibus
526 1193 776 1258 immortalitatis
799 1194 891 1280 origo
911 1195 1102 1279 celebratur,

135 1280 286 1362 instigat,
311 1282 347 1341 ut
367 1278 527 1361 uidemus,
554 1277 627 1341 illos
650 1279 749 1342 sacris
771 1279 1001 1344 certaminibus
1024 1280 1101 1345 acci·

134 1368 186 1427 tos
213 1366 250 1427 ut
270 1362 429 1446 pertinaci
457 1363 662 1426 animositate
684 1363 828 1426 certandi
855 1363 958 1427 multa
978 1364 1109 1429 faciant·

135 1448 236 1531 ipsius
258 1447 376 1511 similia
389 1445 540 1511 Uictoris.
569 1446 659 1529 adeo,
682 1447 896 1511 sacratissime
917 1448 1103 1533 imperator,

97 1552 122 1592 15
136 1536 270 1616 utraque
296 1534 405 1596 uestra
426 1531 560 1595 numina
587 1551 713 1613 semper
734 1531 852 1615 aliquid
880 1536 985 1617 agunt
1007 1554 1102 1619 agan·

135 1618 250 1681 dumue
279 1620 407 1698 curant,
438 1618 475 1680 ut
502 1616 567 1679 iam
595 1614 689 1680 nobis
717 1615 773 1679 illa
799 1636 897 1700 quam
922 1638 982 1701 pro
1011 1618 1103 1682 uobis

135 1722 373 1786 susceperamus
402 1721 478 1765 cura
506 1698 656 1784 ponenda
682 1699 738 1782 sit,
772 1721 844 1764 cum
865 1722 933 1765 non
954 1701 1103 1766 laborare

135 1809 208 1869 uos,
246 1786 300 1849 sed
329 1788 477 1881 parentes
511 1785 586 1881 deos
620 1783 783 1881 uideamus
815 1783 936 1882 imitari
968 1806 1103 1871 cumque

98 1873 300 2016 satu
315 1868 662 2035 eltffint‘tlmfltlt
688 1867 1103 2054 illitterata

134 2057 247 2184 1rilrgiiii1
249 2034 928 2185 Ἓίἰὲἱιὶἃεοῗὲὃεοοθτξιῖἢΐῆήῂ.555150151θέἓὲἴῇ
936 2039 1104 2188 iliratiwisa

135 2142 302 2288 stiiutique
329 2141 422 2285 ostii,
452 2203 508 2268 sed
535 2142 849 2289 inphispprouinciis
876 2227 957 2290 quas
986 2209 1028 2272 ad
1055 2147 1102 2272 ii·

134 2289 337 2376 fatigabilcm
365 2289 628 2374 consuetudinem
655 2289 775 2353 laboris
804 2294 899 2374 atque
926 2292 1103 2374 patientiae

95 2395 121 2435 as
134 2377 236 2442 fracto
253 2376 329 2441 licet
351 2375 514 2460 oppositus
529 2374 625 2455 hosti,
648 2373 704 2438 sed
726 2375 822 2439 armis
843 2380 954 2439 tamen
977 2397 1103 2461 semper

134 2464 308 2526 instructus
336 2460 428 2524 miles
456 2463 596 2542 exercet,
625 2459 796 2542 inquibus
825 2460 929 2532 omnis
952 2460 1022 2525 uita
1045 2460 1102 2525 mi·

134 2547 205 2610 litia
228 2550 291 2628 cst,
318 2566 451 2626 quarum
474 2545 571 2608 etiam
592 2543 731 2607 feminae
754 2547 931 2607 ceterarum
952 2547 1101 2628 gentium

134 2631 212 2693 uiris
234 2629 382 2691 fortiores
404 2630 488 2690 sunt.

198 2710 255 2775 IV.
303 2709 353 2772 llx
374 2710 445 2772 istis
468 2730 544 2791 ergo
572 2711 675 2773 causis
697 2711 806 2794 stirpis
834 2715 960 2775 uestrae
982 2713 1102 2796 patrio·

96 2815 122 2855 so
134 2814 267 2876 rumque
288 2793 509 2856 institutorum
530 2791 587 2857 illa
609 2795 761 2858 eueniunt
784 2816 865 2879 quae
887 2816 984 2879 saepe
1005 2797 1101 2862 mira·

135 2900 218 2961 mur,
249 2877 409 2941 interdum
435 2877 532 2942 etiam
560 2899 617 2961 pro
641 2880 757 2942 amoris
786 2880 989 2964 impatientia
1009 2882 1102 2946 time-

203 3120 216 3168 1
235 3117 340 3181 impetu
357 3130 393 3165 w:
411 3117 544 3183 impetum
562 3119 589 3166 Π
609 3114 619 3182 ΙΙ
643 3119 658 3166 2
676 3117 806 3168 Herculia
824 3119 867 3167 tui
884 3119 973 3169 uirtus
990 3121 1103 3184 scripsi:

133 3184 300 3237 herculistua
316 3184 344 3233 1
365 3183 493 3236 herculea
516 3190 580 3235 tuus
602 3189 683 3235 autor
705 3184 751 3248 qui
772 3186 1060 3237 simmachum
1088 3183 1100 3251 ΙΙ

134 3256 150 3305 3
168 3250 289 3318 nemora]
309 3266 427 3317 aequora
444 3254 567 3304 Armua.
597 3251 608 3318 l
637 3255 653 3303 5
673 3249 768 3317 etiam]
789 3258 816 3302 et
834 3266 859 3300 w
882 3250 893 3318 ΙΙ
918 3256 934 3304 a
954 3259 983 3304 ct
1000 3270 1049 3309 cm.
1066 3256 1103 3316 1,

135 3323 196 3371 odd.
208 3323 293 3371 Liuia.
311 3318 320 3384 ΙΙ
341 3321 372 3369 ΓΖ
390 3319 454 3368 illos
473 3333 490 3368 a
508 3320 596 3369 sacris
614 3321 649 3379 lt,
668 3336 736 3370 corr.
752 3321 884 3370 Acidaliae
904 3318 915 3385 l
938 3323 970 3371 14
987 3321 1024 3372 ad
1043 3337 1100 3374 eos.

135 3393 165 3437 at
182 3389 331 3452 imperator
348 3387 413 3435 ΔΨ
430 3400 486 3435 sac.
505 3384 605 3452 ΒΠΙΙ
619 3389 651 3437 15
670 3386 860 3452 agendumque
873 3388 907 3436 W
940 3390 975 3439 25
994 3389 1103 3439 fractus

135 3467 160 3502 w
180 3452 184 3517 Ι
205 3453 279 3505 hosti
297 3469 323 3515 a3
341 3455 449 3518 scripsi:
469 3453 557 3503 hostis
575 3456 602 3501 lt
620 3454 694 3505 hosti
711 3455 769 3504 edd.
794 3452 799 3518 Ι
824 3459 918 3505 tamen
948 3454 1103 3520 550126

134 3520 213 3573 milas
232 3522 306 3570 eda:
324 3521 405 3572 limes
421 3521 448 3568 Π
465 3520 540 3572 Bert.
564 3519 576 3586 ΙΙ
599 3524 632 3573 30
649 3520 699 3572 illa
717 3536 795 3573 enen.
813 3535 850 3572 w:
868 3522 917 3573 ille
935 3526 1046 3577 uam-1
