2406 4012
169 217 231 282 306
493 218 556 268 xn.
584 216 716 268 PACATI
733 216 814 267 rau.

169 368 240 451 bus,
264 368 404 431 afronte
426 366 622 431 criminibus
654 367 681 430 si
703 386 853 448 morerer,
878 386 1053 430 suaseram.
1085 368 1143 432 sed

170 474 257 535 ecce,
287 473 347 516 nec
369 451 511 515 animum
533 451 676 535 sequitur
697 471 813 514 manus
835 470 895 514 nec
917 472 1051 515 manum
1072 451 1144 536 gla-

170 538 256 601 dius:
294 536 413 599 labitur
434 534 567 618 ferrum,
589 535 700 598 tremit
721 535 866 617 dextera,
892 555 983 598 mens
1007 535 1142 604 fatiscit.

170 643 189 685 ο
213 642 306 704 quam
329 618 458 683 difficile
481 622 529 683 est
556 619 681 683 miseris
709 619 808 682 etiem
829 619 933 703 perire
945 620 964 682 l'
1004 641 1083 705 ergo
1106 627 1145 686 ut

145 707 296 770 sclausae
325 704 468 767 cassibus
489 703 576 767 ferae
599 702 743 787 quaesito
766 703 820 767 diu
850 704 938 767 exitu
960 703 1144 787 desperato·

171 811 231 873 que
254 789 436 852 consistunt
464 792 496 852 et
517 809 594 870 prae
616 789 730 851 timore
755 808 822 851 non
842 787 987 871 fugiunt,
1016 789 1065 852 ita
1087 789 1144 853 ille

170 875 239 957 ipso
255 893 316 955 quo
339 872 524 956 agitabatur
545 875 630 935 metu
647 871 798 956 alligatus
820 871 855 934 in
870 872 1024 955 oppidum
1039 877 1144 937 semet

170 957 375 1041 Aquileiense
397 957 588 1040 praecipitat
612 976 678 1019 non
699 958 735 1018 ut
757 955 857 1020 uitam
885 956 1065 1021 resistendo
1091 957 1144 1022 de·

169 1042 326 1124 fenderet‚
350 1041 405 1105 sed
427 1062 468 1104 ne
489 1062 627 1124 poenam
647 1039 834 1104 frustrando
849 1039 1000 1105 differret.
1031 1063 1144 1124 quam-

133 1147 158 1186 ιο
171 1148 265 1210 quam
293 1146 374 1208 quae
401 1128 528 1208 poterat
554 1124 686 1189 ulterior
714 1145 783 1188 esse
811 1123 947 1188 dilatio?
991 1146 1064 1189 cum
1095 1127 1144 1190 ita

171 1210 315 1295 uestigiis
349 1211 416 1273 eius
450 1231 486 1273 ac
513 1212 605 1293 terga
639 1209 752 1273 ardens
786 1208 878 1272 miles
908 1209 1074 1273 insisteret
1107 1215 1146 1274 ut

170 1315 271 1377 paene
300 1314 427 1356 omnem
456 1314 535 1376 quae
564 1297 613 1357 est
639 1296 747 1357 secuta
768 1313 922 1377 pompam
949 1293 1030 1358 ultio
1051 1293 1143 1359 festi·

171 1380 248 1441 nata
292 1377 479 1458 raeceperit.

234 1399 386 1525 xlxlx.
438 1459 538 1525 Recte
559 1460 704 1543 profecto
727 1482 881 1558 germana
902 1460 959 1525 illa
979 1463 1144 1546 pictorum

133 1565 158 1607 15
171 1550 399 1630 poetarumque
422 1549 603 1609 commenta
619 1543 798 1610 Uictonam
818 1546 938 1610 finxere
960 1546 1144 1631 pinnatam,

172 1630 256 1714 quod
269 1629 436 1694 hominum
460 1652 532 1694 cum
546 1629 677 1693 fortuna
698 1631 843 1694 euntium
865 1651 931 1694 non
953 1651 1063 1695 cursus
1084 1634 1142 1715 est,

172 1717 227 1779 sed
249 1715 386 1779 uolatus.
431 1714 485 1778 ille
513 1714 553 1778 ab
580 1714 693 1778 ultimo
722 1714 855 1778 orientis
884 1715 958 1778 sinu
978 1715 1143 1780 festinatis

172 1800 339 1863 itineribus
361 1801 472 1882 raptus
492 1799 658 1881 exercitus,
682 1801 732 1863 tot
752 1798 937 1862 nationibus
960 1799 1143 1882 relinquen-

172 1883 236 1962 dis,
263 1886 313 1946 tot
333 1882 517 1947 fluminibus
545 1883 730 1964 enatandis,
758 1885 807 1946 tot
832 1881 1023 1947 scandendis
1052 1905 1142 1948 mon·

134 1987 159 2026 ac
171 1967 257 2029 tibus
272 1966 438 2049 fatigatus,
459 1967 494 2029 in
515 1967 577 2030 alio
593 1967 668 2032 orbe
690 1969 723 2031 et
737 1966 794 2030 sub
810 1967 873 2030 alio
888 1988 991 2050 paene
1007 1967 1144 2033 dixerim

172 2049 396 2133 subpositus,
425 2050 530 2131 spatio
556 2049 636 2114 lucis
666 2051 758 2115 unius
781 2050 909 2135 Illyrico
939 2053 1144 2117 continuauit

172 2133 362 2217 Aquileiam.
399 2133 481 2197 nihil
502 2136 611 2197 tamen
636 2135 764 2198 sibimet
785 2135 846 2199 hoc
867 2137 999 2200 nomine
1022 2137 1142 2201 milites

172 2221 220 2283 tui
242 2218 409 2283 uindicant
431 2223 472 2302 et,
497 2219 523 2282 si
546 2218 673 2302 quando
696 2219 884 2284 mirantium
907 2220 1044 2285 circulos
1068 2243 1141 2286 con·

171 2303 307 2368 trahunt
341 2306 398 2368 aut
434 2303 584 2368 conuiuia
620 2308 735 2368 nostra
759 2324 913 2400 'sermone
937 2304 1141 2402 producunt,

134 2388 1143 2558 ²⁵ttrtltttstltt”tittttfttttltt
1185 2548 1189 2557 ,

172 2556 317 2620 laborum
331 2557 516 2639 peruenisse
536 2578 570 2621 se
584 2556 725 2622 uiderint
739 2577 802 2641 quo
818 2558 864 2621 ire
881 2578 949 2621 non
965 2562 1142 2624 senserant.

172 2641 420 2805 ttulit?
435 2641 1143 2809 ttslttttttettttttlttttt

134 2826 161 2866 ao
174 2806 341 2887 absentes,
378 2806 562 2888 praebuisse
594 2810 796 2891 gestantibus
828 2811 933 2873 uentis
967 2811 1143 2875 otiosorum

173 2889 349 2954 ministeria
376 2890 602 2954 membrorum.
648 2914 708 2957 nec
729 2893 807 2958 fides
834 2914 963 2977 anceps.
1009 2916 1087 2959 nem
1114 2896 1141 2958 si

174 2975 251 3040 olim
279 2976 381 3040 seueri
410 2975 570 3040 credidere
592 2977 727 3041 maiores
750 2976 900 3043 Castores
922 2980 1071 3062 geminos
1097 2979 1142 3043 al-

241 3198 465 3263 8aquilegiense
484 3199 506 3247 A
524 3200 556 3248 W
583 3199 586 3263 Ι
619 3197 726 3249 defend.
745 3199 870 3248 resiste
900 3197 910 3265 ΙΙ
941 3202 973 3250 10
991 3216 1053 3251 esse
1072 3201 1144 3251 ulte·

173 3265 229 3314 rior
246 3267 279 3312 W
296 3263 306 3330 ΙΙ
326 3268 357 3315 12
375 3262 514 3332 pompam]
535 3282 651 3331 poenam
669 3267 803 3316 Acidalius
819 3264 829 3331 ΙΙ
847 3269 879 3318 13
898 3281 977 3331 prece
997 3268 1051 3319 erit
1068 3269 1092 3317 A
1103 3282 1141 3317 w:

173 3334 299 3397 percepit
317 3334 338 3381 B
356 3335 373 3381 0
391 3336 414 3381 V
443 3332 453 3398 ss
484 3337 515 3383 14
538 3335 680 3397 germania
696 3334 720 3382 A
742 3336 864 3398 genuina
882 3284 996 3399 Bertll
1027 3336 1059 3386 19
1078 3351 1142 3386 ena·

175 3399 291 3450 cuandis
308 3400 344 3461 A;
371 3417 450 3467 mcrp.
468 3401 500 3449 W
522 3396 558 3451 al.
579 3400 747 3452 euacuandis
777 3399 787 3466 ΙΙ
816 3403 849 3451 22
871 3401 975 3452 milites
993 3403 1036 3453 tui
1059 3405 1144 3454 once

174 3462 182 3527 ll
210 3468 243 3579 2t3
265 3467 420 3519 uindicauit
442 3470 460 3516 0
494 3466 504 3533 ΙΙ
538 3470 571 3518 29
594 3470 731 3520 ferrentur
748 3468 771 3516 A
789 3471 821 3519 σε
849 3469 1005 3520 sererentur
1021 3471 1042 3518 B
1060 3471 1084 3520 V
1106 3469 1144 3521 le·

172 3544 223 3579 ren
237 3547 269 3581 ur
287 3547 312 3582 w
