2406 4012
223 110 295 162 PRO
313 108 590 162 RESTAURANDIS
609 109 743 163 SCOLIS.
765 113 872 164 16-18.
967 109 1029 175 129

55 261 185 342 fiterer‚
218 258 269 322 uir
300 257 548 342 perfectissime,
583 260 646 322 nisi
673 259 753 343 ipsis
781 261 1027 343 imperatoribus

56 342 313 426 Caesaribusque
345 343 465 407 nostris
497 346 627 428 gratum
663 365 730 408 esse
767 343 959 408 confiderem
992 351 1028 410 ut

56 427 222 513 publicam
252 448 361 491 eorum
395 427 431 491 in
458 427 657 492 restituendo
685 428 761 493 orbe
788 429 941 512 pietatem
968 451 1027 513 pro

54 533 117 577 suo
144 511 279 660 (putisque
307 514 405 594 captu
437 512 472 574 in
499 512 690 576 renouandis
724 534 853 577 suorum
881 513 1026 598 uestigiis

57 618 153 662 aemu
168 617 185 660 e
201 617 248 660 ur.
1040 617 1054 658 ⁵

122 678 244 745 XVIII.
291 678 368 754 Quis
391 678 478 742 enim
505 700 592 742 nunc
614 680 657 743 sit
678 680 785 744 animo
812 684 880 744 tam
901 681 1025 766 humffi,

55 768 130 831 tam
151 763 294 848 abiecto,
315 765 383 826 tam
405 763 445 827 ab
467 763 555 826 omni
577 763 776 848 appetitione
798 764 900 829 laudis
924 766 1027 831 alieno

56 853 187 914 utnon
216 853 248 913 et
269 846 593 932 quantulamcumque
616 847 802 911 memoriam
824 869 953 913 suorum
976 872 1027 913 ex-

54 934 160 999 citare
188 936 221 997 et
243 931 305 996 sibi
332 930 451 1015 aliquid
474 932 631 996 secundae
659 932 820 1016 opinionis
849 933 958 1015 cupiat
979 955 1028 998 ac·

55 1018 201 1101 quirere,
231 1038 302 1080 cum
329 1016 438 1079 uideat
459 1016 567 1079 omnia
594 1038 676 1100 quae
698 1016 839 1100 priorum
861 1017 932 1081 labe
955 1038 1026 1082 con·
1041 1039 1067 1079 ro

56 1102 208 1167 ciderunt
228 1101 289 1164 hac
310 1100 466 1164 felicitate
489 1101 607 1164 saeculi
628 1102 840 1186 resurgentia,
863 1104 914 1166 tot
933 1102 1027 1166 urbes

55 1186 115 1251 diu
148 1184 239 1250 siluis
271 1184 393 1249 obsitas
427 1187 522 1268 atque
554 1184 716 1250 habitatas
747 1185 826 1249 feris
854 1185 1028 1250 instaurari

56 1269 236 1352 moenibus,
259 1268 374 1352 incolis
396 1268 607 1353 frequentari3
631 1270 716 1353 quod
737 1270 773 1333 in
793 1271 923 1355 Aegaeo
946 1273 1029 1335 mari

58 1354 161 1419 semel
183 1353 322 1438 contigit
342 1355 393 1432 ut,
424 1374 505 1436 quae
528 1354 645 1437 apertis
668 1353 817 1418 fluctibus
838 1355 1027 1439 uagabatur,

56 1436 611 1605 {Idtdddiiffltddtiidt
638 1438 705 1585 1ἓὲ
720 1440 1068 1585 111111111115

614 1571 622 1604 7

58 1627 122 1672 nos
148 1607 251 1671 cultus
279 1606 370 1690 quasi
396 1605 638 1670 renascentibus
665 1603 818 1669 euenire?
860 1605 924 1668 nisi
946 1604 1028 1669 forte

58 1712 129 1757 non
195 1691 284 1755 auior
306 1689 508 1753 Britanniam
536 1689 629 1752 ruina
654 1688 855 1772 depresserat
881 1711 975 1773 quarn
1002 1689 1029 1754 si

58 1796 140 1860 supe
172 1796 229 1839 uso
270 1777 435 1860 tegeretur
476 1794 612 1856 oceano,
660 1795 739 1857 quae
780 1773 1028 1857 profundissimo

85 1880 239 1924 cenarum
261 1859 391 1957 gurgite
413 1859 548 1923 liberata
572 1858 612 1922 ad
634 1861 840 1942 conspectum
863 1857 1028 1924 Romanae
1042 1880 1067 1920 ao

60 1883 143 2008 Idaeis
165 1948 309 2027 emermt,
332 1947 389 2007 aut
407 1943 487 2007 haec
509 1943 580 2026 ipsa
590 1965 682 2091 F<puae
703 1943 798 2008 modo
820 1942 938 2008 desinit
960 1966 1028 2008 esse

59 2028 211 2093 barbaria
231 2049 298 2092 non
319 2027 423 2112 magis
444 2027 572 2092 feritate
617 2049 784 2093 raucorum
806 2027 894 2092 uelut
914 2028 1030 2093 hausta

60 2112 221 2178 desiderat
245 2113 390 2196 quamsi
419 2133 489 2176 eam
513 2113 705 2177 circumfusa
726 2112 859 2175 flumina
887 2115 920 2174 et
940 2133 1029 2175 mare

59 2197 188 2263 alluens
210 2197 398 2280 operuisset.
439 2219 515 2261 nam
537 2196 613 2279 quid
636 2218 695 2280 ego
718 2197 897 2272 alarumyet
919 2195 1029 2258 cohor-

59 2281 143 2346 tium
165 2284 268 2346 castra
288 2302 491 2365 percenseam
515 2283 582 2345 toto
601 2279 709 2344 Rheni
731 2282 763 2343 et
784 2277 888 2341 Histri
911 2281 944 2341 et
965 2278 1029 2342 Eu·
1042 2297 1067 2337 aa

60 2365 158 2430 fratis
191 2366 293 2429 limite
326 2365 499 2430 restituta?
543 2384 607 2448 qua
634 2363 718 2427 ueris
753 2361 938 2425 autumniue
969 2364 1029 2427 cle-

59 2450 184 2516 mentia
205 2453 255 2514 tot
276 2471 375 2514 manu
396 2450 519 2534 positae
542 2448 671 2511 arbores
695 2446 937 2529 conualescunt,
966 2469 1030 2530 quo

60 2534 168 2599 calore
186 2534 263 2598 solis
284 2537 334 2598 tot
347 2534 516 2618 depressae
531 2532 685 2597 imbribus
708 2534 833 2616 segetes
848 2536 1030 2616 resurgunt,

60 2620 143 2703 quot
166 2618 284 2703 ubique
312 2621 396 2683 muri
424 2619 479 2682 uix
506 2617 641 2702 repertis
669 2620 813 2681 ueterum
839 2615 1029 2682 fundamen-

59 2706 167 2767 torum
190 2704 336 2788 uestigiis
359 2703 561 2767 excitantur?
599 2703 692 2781 adeo,
716 2706 752 2766 ut
773 2723 824 2765 res
848 2704 911 2784 est,
935 2723 1030 2766 aurea
1043 2720 1069 2761 ro

59 2787 119 2851 illa
147 2789 288 2873 saecula,
317 2809 398 2872 quae
427 2808 493 2851 non
522 2788 577 2851 diu
605 2785 763 2870 quondam
787 2784 926 2850 Saturno
953 2806 1030 2870 rege

132 3030 144 3076 1
164 3029 221 3078 nisi
238 3041 274 3076 w:
294 3027 349 3076 nisi
366 3026 390 3076 si
407 3029 434 3075 11
454 3022 464 3091 1
485 3027 501 3075 2
519 3025 622 3076 nostris
640 3039 677 3074 w:
696 3028 819 3075 nostrum
835 3025 862 3071 11
883 3021 893 3088 11
917 3025 933 3073 3
950 3024 1031 3071 malim

61 3094 234 3145 restibuenda
251 3094 318 3145 urbe
335 3091 346 3158 11
369 3096 384 3144 6
403 3099 469 3145 tunc
487 3096 505 3142 (t
524 3091 534 3158 11
556 3095 572 3143 8
591 3097 619 3142 et
636 3109 683 3143 om.
700 3088 760 3155 Wss
778 3093 808 3142 11
827 3092 879 3142 hac
896 3089 1030 3138 Bcvw:

61 3162 136 3212 hanc
153 3162 177 3211 A
199 3160 210 3227 11
221 3164 266 3215 ,12
284 3164 366 3212 malim
383 3163 439 3212 situ
457 3160 515 3212 obs.
539 3158 549 3225 11
580 3162 612 3209 14
629 3158 736 3225 apertis
753 3162 861 3224 scripsi:
886 3156 987 3221 opertis
1004 3156 1032 3202 11

60 3235 162 3295 operta
180 3242 205 3277 w
222 3226 232 3294 1
251 3231 282 3280 15
300 3229 431 3280 existeret
449 3229 488 3286 Ι,
507 3229 615 3278 correns·
630 3224 641 3292 1
660 3229 691 3276 16
709 3226 808 3277 insulis
826 3239 863 3275 w:
882 3223 987 3274 insulas
1005 3226 1032 3272 11

59 3292 71 3363 11
100 3299 134 3347 19
152 3297 298 3362 superfuso
316 3297 339 3346 A
356 3297 388 3345 W
408 3295 497 3348 Beris
523 3295 636 3361 perfuso
654 3296 675 3344 Β
693 3296 750 3343 cv
778 3292 789 3360 1
818 3289 1031 3358 supernarum]

62 3362 230 3429 praedonum
248 3365 382 3415 Acidaliae
402 3366 553 3429 piratarum
572 3363 728 3414 Arntzenius
744 3359 755 3427 1
772 3365 803 3411 ‘21
822 3360 921 3411 desunt
939 3356 1034 3424 01123

61 3430 203 3482 deciderat
220 3445 257 3493 νη
276 3432 311 3495 cf.
330 3432 415 3496 Neue,
435 3435 478 3483 lat.
497 3433 581 3484 Form.
600 3430 636 3482 11
655 3433 705 3482 389
725 3427 736 3495 11
756 3430 790 3480 25
807 3429 915 3479 eufrate
932 3428 960 3477 Ι

110 3522 200 3565 Pana.
213 3532 266 3565 nar.
863 3517 880 3564 9
