2406 4012
133 193 174 257 68
454 193 478 244 Ι.
517 191 547 246 0.
565 192 681 243 PLINII
699 191 779 242 PAN.

131 342 303 406 hibebatur
330 364 349 406 a
377 342 532 426 principe.
582 340 722 404 faciebas
750 360 843 424 ergo,
878 361 951 404 cum
978 341 1108 407 diceres

133 427 286 512 optimos:
308 427 402 491 neci
426 446 534 490 sorum
556 425 651 488 modo
672 424 740 488 uita
762 447 781 488 a
803 428 847 506 te,
870 425 926 488 sed
947 425 1108 490 iudicium

133 514 263 577 senatus
279 449 555 594 comprobabatur,
574 510 628 592 qui
644 508 752 572 ornari
767 531 811 592 se,
827 529 895 573 non
909 508 984 573 illos
998 512 1109 596 magis

133 617 212 679 quos
233 595 402 676 laudabas,
424 594 611 658 laetabatur.

108 700 121 740 s
196 678 327 743 LXXII.
365 678 434 742 Iam
455 677 542 762 quod
563 680 712 760 precatus
735 697 768 741 es
790 680 828 741 ut
848 677 904 740 illa
925 677 995 760 ipsa
1020 679 1109 743 ordi·

132 764 224 828 natio
254 762 456 827 comitiorum
484 763 566 826 bene
595 783 633 826 ac
659 760 798 826 feliciter
826 762 969 826 eueniret
996 764 1106 843 nobis,

132 847 180 912 rei
193 847 352 931 publicae,
367 847 438 929 tibi,
458 867 565 911 nonne
581 847 646 910 talc
662 847 763 910 estut
777 867 838 910 nos
852 845 941 910 hunc
956 847 1109 912 ordinem

132 934 282 996 uotorum
295 935 483 996 conuertere
496 931 666 995 debeamus
678 931 817 1013 deosque
829 930 921 993 enixe
933 931 1109 996 obsecrare

133 1019 170 1081 ut
191 1017 299 1081 omnia
321 1038 401 1100 quae
423 1016 504 1080 facis
527 1036 668 1098 quaeque
690 1014 790 1078 facies
811 1036 964 1098 prospere
987 1016 1109 1079 cedant

96 1122 121 1162 ro
134 1101 208 1179 tibi,
237 1103 284 1164 rei
305 1101 466 1184 publicae,
495 1099 614 1163 nobis?
651 1099 703 1162 uel
726 1099 753 1162 si
775 1098 903 1163 breuius
926 1099 969 1162 sit
990 1102 1108 1184 optan-

134 1185 220 1268 dum,
241 1187 278 1249 ut
291 1185 348 1248 uni
362 1185 433 1266 tibi,
456 1186 569 1266 inquo
585 1187 617 1247 et
631 1205 682 1247 res
697 1182 826 1266 publiea
847 1187 880 1247 et
892 1204 953 1247 nos
969 1185 1108 1248 sumus?

133 1270 198 1334 fuit
217 1272 358 1351 tempus,
388 1289 424 1332 ac
446 1268 581 1331 nimium
604 1266 657 1331 diu
678 1267 756 1350 fuit,
785 1289 847 1350 quo
870 1267 935 1331 alia
956 1268 1105 1349 aduersa,

134 1354 200 1418 alia
221 1352 361 1416 secunda
382 1353 523 1436 principi
545 1355 577 1416 et
598 1351 707 1415 nobis:
729 1373 816 1415 nunc
839 1353 1021 1416 communia
1044 1353 1109 1417 tibi

134 1437 302 1503 nobiscum
323 1439 390 1500 tam
412 1436 496 1500 laeta
518 1458 613 1520 quam
630 1436 746 1518 tristia,
768 1457 829 1500 nec
850 1437 955 1519 magis
978 1437 1050 1500 sine
1072 1441 1109 1501 te

98 1542 195 1586 ranos
223 1543 292 1586 esse
313 1522 423 1586 felices
451 1543 547 1606 quam
568 1524 604 1584 tu
627 1520 697 1584 sine
724 1520 817 1583 nobis
839 1523 942 1603 potes.
987 1541 1047 1603 an,
1078 1523 1109 1586 si

134 1627 262 1691 posses,
294 1607 330 1670 in
357 1607 421 1670 fine
448 1610 597 1670 uotorum
626 1604 793 1669 adiecisses
822 1608 860 1667 ut
886 1605 932 1668 ita
955 1606 1109 1688 precibus

135 1692 200 1755 tuis
222 1691 255 1754 di
277 1694 470 1774 annuerent,
501 1692 529 1754 si
550 1689 703 1754 iudicium
724 1691 870 1752 nostrum
896 1689 1013 1752 mereri
1035 1711 1110 1772 pcr-

137 1775 340 1840 seuerasses‘?
378 1775 457 1839 adeo
480 1774 563 1839 nihil
584 1774 645 1837 tibi
667 1793 773 1837 amore
803 1772 920 1835 ciuium
943 1773 1110 1857 antiquius

136 1864 174 1922 ut
195 1863 270 1923 ante
292 1880 311 1921 a
330 1859 433 1940 nobis,
456 1858 570 1921 deinde
586 1879 605 1920 a
619 1857 667 1921 dis
688 1860 783 1940 atque
799 1857 845 1920 ita
864 1857 983 1921 abillis
1004 1861 1111 1922 amari

99 1964 125 2004 ac
138 1942 228 2023 uelis,
251 1942 279 2005 si
302 1963 321 2004 a
342 1942 435 2004 nobis
458 1942 583 2005 ameris.
614 1945 648 2005 et
669 1962 746 2005 sane
765 1941 908 2023 priorum
923 1942 1110 2024 principum

138 2026 242 2091 exitus
264 2025 374 2089 docuit
401 2046 443 2088 ne
465 2047 484 2088 a
507 2025 556 2088 dis
585 2025 712 2108 quidem
739 2026 838 2089 amari
864 2026 926 2089 nisi
949 2047 1028 2109 quos
1051 2025 1110 2090 ho-

138 2111 242 2176 mines
265 2112 383 2173 ament.
414 2109 547 2173 arduum
567 2112 637 2174 erat
658 2108 716 2173 has
731 2110 931 2192 precationes
952 2114 1024 2174 tuas
1040 2109 1110 2174 lau-

138 2195 231 2261 dibus
253 2193 447 2277 adaequare:
481 2193 727 2278 adaequauimus
748 2198 866 2258 tamen.
911 2194 966 2278 qui
988 2196 1110 2258 amoris

139 2279 243 2363 ardor,
273 2278 328 2363 qui
350 2278 487 2361 stimuli,
518 2299 599 2362 quae
621 2278 708 2342 faces
736 2278 809 2340 illas
830 2278 924 2342 nobis
947 2279 1110 2342 exclama·

101 2384 128 2424 rs
140 2366 245 2430 tiones
267 2363 485 2428 subiecerunt!
517 2385 583 2427 non
604 2363 718 2444 nostri,
742 2361 869 2445 Caesar,
892 2363 1027 2447 ingenii,
1052 2363 1112 2427 sed

139 2459 214 2515 tuae
247 2449 375 2514 uirtutis
403 2452 592 2532 tuorumque
624 2448 811 2517 meritorum
842 2468 936 2511 uoces
965 2446 1111 2528 fuerunt,

140 2556 219 2618 quas
246 2534 335 2597 nulla
362 2555 512 2616 umquam
539 2531 680 2596 adulatio
706 2531 847 2614 inuenit,
876 2530 982 2595 nullus
1006 2531 1112 2595 euius·

140 2639 236 2765 11111
257 2619 361 2680 terror
383 2617 547 2711 expressit.
591 2637 686 2710 quem
708 2616 754 2679 sic
776 2614 940 2679 timuimus
969 2617 1006 2678 ut
1027 2614 1112 2680 haec

104 2698 1112 2866 11111111111111ξέ1111111111

142 2865 283 2934 audisti?
318 2866 482 2950 ecquando
504 2866 636 2930 dixisti?
672 2867 774 2931 multa
795 2867 923 2950 quidem
946 2869 1113 2951 excogitat

141 2956 256 3033 metus,
278 2950 334 3015 sed
356 2972 436 3035 quae
458 2954 636 3036 appareant
651 2952 793 3035 quaesita
816 2952 857 3016 ab
871 2951 1000 3015 inuitis:
1023 2951 1112 3015 aliud

143 3035 386 3118 sollicitudinis,
420 3036 506 3100 aliud
539 3037 719 3100 securitatis
749 3036 916 3120 ingenium
944 3039 1009 3117 est3
1046 3035 1112 3099 alia

143 3121 286 3187 tristium
306 3121 463 3205 inuentis,
486 3120 550 3185 alia
565 3120 789 3204 gaudentium:
810 3123 959 3184 neutrum
981 3119 1112 3184 simula·

214 3315 230 3361 3
241 3313 287 3374 qui
299 3311 392 3361 ornari
401 3309 575 3360 Schwarzius:
587 3309 770 3372 ornarique!
782 3305 792 3373 1
805 3308 886 3358 tiam
896 3308 1112 3360 TtaHecrnius:

146 3394 210 3430 nam
228 3379 255 3424 Μ
271 3373 282 3441 ΙΙ
298 3381 313 3428 7
334 3392 426 3428 nonne
444 3377 498 3427 sibi
516 3379 534 3425 (t
554 3375 565 3443 1
585 3376 712 3441 81111111.
731 3376 811 3426 enixe
829 3391 891 3440 epo:
908 3376 975 3426 deos
993 3373 1112 3441 donique

145 3447 166 3496 B
184 3446 218 3494 W
237 3458 284 3494 eos
302 3444 421 3509 denique
439 3444 461 3491 V
478 3445 495 3492 0
516 3443 678 3508 eosdemque
696 3458 713 3509 ς
733 3440 743 3508 ΙΙ
766 3444 796 3493 12
815 3442 927 3493 diuersa
943 3443 964 3492 B
985 3440 995 3507 11
1015 3444 1059 3504 30,
1079 3447 1112 3494 31

148 3511 290 3579 ecquando
302 3510 446 3562 Liuineius:
465 3516 493 3562 et
511 3511 618 3578 quando
636 3513 664 3558 li
681 3519 788 3576 utroque
805 3507 926 3574 11111131
947 3509 1114 3561 audiuistid
