2406 4012
134 215 176 279 50
456 213 479 263 1.
516 213 546 263 c.
563 210 680 263 cuiun
697 210 777 261 Pau.

133 363 295 449 uestigio?
324 383 391 427 non
414 361 492 425 adeo
513 361 588 424 deos
608 358 816 442 hominesque
840 362 1112 441 contempserant

132 452 169 513 ut
195 451 230 513 in
257 448 314 512 illa
347 445 582 530 speciosissima
609 444 682 508 sede
710 443 876 507 hominum
908 443 1108 527 deorumque

135 534 295 598 coniectos
316 532 352 594 in
374 552 407 594 se
430 529 537 593 oculos
559 528 644 593 ferre
667 549 705 592 ac
726 527 851 612 perpeti
872 530 1017 611 possent.
1045 529 1110 593 tibi

135 621 248 682 contra
270 621 302 680 et
323 613 499 678 moderatio
520 617 576 676 tua
598 613 697 676 suasit
725 615 758 676 et
779 613 934 676 sanet'tas
956 614 995 675 ut
1016 614 1051 676 te
1075 617 1110 677 et

108 702 193 765 areli
220 700 284 764 'oni
307 698 437 762 deorum
460 700 493 761 et
514 697 639 761 iudiciis
661 696 829 760 hominum
852 695 1030 762 exhiberes.

225 782 313 848 XIV.
364 782 430 846 Alii
459 781 659 845 consulatum
687 784 763 844 ante
784 801 879 864 quam
907 779 977 845 acci
1002 784 1109 865 erent,

133 873 170 932 tu
192 871 224 932 ct
248 868 324 932 dum
345 867 464 950 accipis
486 865 639 932 meruisti.
666 868 796 948 peracta
819 867 911 929 erant
933 803 1110 928 sodemnia

134 953 345 1035 comitiorum,
370 952 397 1015 si
412 951 591 1034 principem
607 950 774 1034 cogitares,
797 950 924 1032 iamque
946 969 982 1014 se
1000 950 1109 1014 omnis

133 1038 229 1102 turba
251 1038 477 1118 commouerat,
502 1056 573 1099 cum
595 1037 631 1098 tu
653 1033 845 1097 mirantibus
868 1033 993 1097 cunetis
1017 1053 1108 1099 acce-

97 1143 121 1182 io
135 1122 183 1185 dis
215 1123 256 1185 ad
288 1120 427 1186 consulis
458 1119 584 1201 sellam,
618 1117 813 1202 adigendum
842 1121 875 1181 tc
902 1117 1039 1200 praebes
1072 1119 1108 1182 in

136 1206 233 1269 uerba
253 1204 453 1287 principibus
474 1203 602 1287 ignota,
636 1202 699 1266 nisi
724 1223 796 1266 cum
817 1203 921 1265 iurare
949 1206 1109 1287 cogerent

135 1288 226 1352 alios.
276 1289 365 1351 uides
398 1309 494 1370 quam
527 1287 742 1351 necessarium
772 1286 870 1350 fuerit
901 1286 1109 1350 consulatum

134 1394 202 1436 non
234 1393 392 1436 recusare.
442 1392 509 1435 non
535 1375 736 1454 putassemus
769 1370 855 1434 istud
882 1373 914 1434 te
941 1369 1109 1434 facturum

134 1457 243 1539 fuisse,
266 1458 293 1520 si
315 1477 504 1520 recusasses.
542 1458 665 1538 stupeo,
689 1459 797 1538 patres
822 1455 1008 1538 conscripti,
1031 1475 1109 1518 nec-

97 1560 122 1602 15
135 1541 212 1605 dum
239 1543 317 1605 satis
345 1543 400 1604 aut
422 1540 523 1604 oculis
551 1540 630 1603 meis
659 1542 714 1603 aut
736 1539 865 1604 auribus
891 1538 985 1602 credo
1009 1542 1110 1622 atquc

134 1626 311 1691 identidem
338 1647 390 1690 me
418 1647 462 1689 an
489 1625 660 1706 audierim,
693 1646 735 1687 an
763 1623 899 1687 uiderim
926 1623 1108 1770 interrogo.

135 1711 311 1794 imperator
338 1731 414 1794 ergo
442 1712 473 1773 et
502 1709 619 1775 Caesar
647 1711 680 1772 et
707 1709 872 1791 Augustus
900 1712 930 1772 et
955 1707 1049 1790 ponti
1067 1728 1109 1771 ex

134 1796 291 1858 maximus
314 1796 404 1858 stetit
428 1797 503 1857 ante
518 1793 675 1878 gremium
694 1791 843 1875 consulis,
866 1789 1011 1874 seditque
1029 1811 1108 1856 con-

136 1878 185 1941 sul
207 1879 352 1960 principe
376 1880 451 1940 ante
474 1898 508 1940 se
530 1882 650 1957 stante,
677 1879 710 1940 et
732 1876 815 1941 sedit
835 1875 1034 1958 inturbatus,
1058 1876 1109 1940 in-

96 1961 264 2025 acterritus
300 1964 332 2024 et
357 1963 523 2043 tamquam
553 1962 599 2024 ita
625 1960 694 2023 fieri
726 1960 810 2025 soler
827 1963 850 2026 t.
898 1961 977 2106 quin
1006 1959 1110 2024 etiam

134 2047 233 2109 stanti
256 2043 368 2108 sedens
391 2044 531 2127 praeiuit
557 2045 814 2127 iusiurandum,
844 2048 876 2108 et
897 2044 951 2108 ile
972 2043 1108 2128 iurauit,

136 2129 292 2211 expressit
326 2128 572 2212 explanauitque
606 2128 704 2193 uerba
737 2130 851 2212 quibus
879 2130 975 2211 caput
998 2149 1106 2211 suum,

136 2213 266 2277 domum
288 2234 387 2295 suam,
411 2213 438 2276 si
461 2213 564 2276 sciens
586 2212 764 2296 fefellisset,
787 2213 918 2276 deorum
940 2212 1008 2275 irae
1031 2233 1109 2276 con-

136 2301 284 2362 secraret.
319 2298 445 2382 ingene,
470 2295 596 2378 Caesar,
620 2300 652 2361 et
672 2318 732 2380 par
753 2297 858 2381 gloria
880 2299 946 2378 tua,
969 2297 1038 2359 siue
1059 2296 1109 2360 fe-

97 2399 121 2439 25
136 2384 239 2446 cerint
253 2382 339 2447 istud
353 2388 466 2466 postea
480 2383 643 2466 principes
661 2382 728 2444 siue
744 2402 812 2445 non
826 2381 972 2445 fecerint.
994 2379 1112 2444 ullane

136 2468 213 2531 satis
237 2467 335 2552 digna
356 2467 550 2552 praedicatio
574 2470 622 2532 est
643 2465 728 2530 idem
750 2466 844 2529 tertio
871 2464 1036 2529 consulem
1058 2465 1109 2529 fe-

136 2551 215 2615 cisse
244 2551 328 2634 quod
355 2552 474 2634 primo,
505 2552 590 2616 idem
615 2551 795 2635 principem
822 2549 906 2633 quod
930 2549 1110 2632 priuatum,

134 2634 220 2696 idem
241 2636 466 2715 imperatorem
488 2637 572 2716 quod
588 2635 647 2698 sub
661 2633 876 2716 imperatore?
898 2633 1008 2697 nescio
1029 2633 1109 2716 iam,

134 2716 244 2780 nescio
266 2716 450 2798 pulcriusne
473 2718 515 2781 sit
536 2717 617 2780 illud
639 2717 723 2801 quod
745 2721 918 2802 praeeunte
946 2717 1037 2780 nullo
1061 2739 1109 2782 an

96 2817 122 2857 ³0
135 2800 196 2864 hoc
219 2798 304 2882 quod
326 2799 388 2863 alio
411 2805 584 2883 praeeunte
607 2802 729 2865 iurasti.

198 2882 297 2947 LXV.
337 2882 377 2947 In
398 2886 511 2949 rostris
533 2907 659 2970 quoque
682 2886 779 2950 simili
800 2885 957 2969 religione
979 2885 1051 2968 ipse
1072 2887 1110 2949 te

202 3122 477 3188 2spaciosissima0
499 3122 509 3190 11
530 3128 545 3176 3
564 3124 658 3175 oculos
675 3140 721 3175 om.
740 3125 795 3172 BV
816 3121 826 3188 11
848 3126 880 3174 12
899 3124 982 3174 fuerit
1000 3138 1031 3189 g:
1051 3124 1110 3175 fuit

134 3190 161 3236 11
178 3188 188 3254 11
207 3193 237 3240 13
257 3191 391 3240 facturum
409 3196 436 3240 tc
455 3193 472 3239 0
494 3189 503 3256 11
525 3194 558 3242 14
574 3192 738 3256 necdumque
759 3194 776 3240 c
796 3189 806 3256 11
829 3194 860 3241 16
878 3206 913 3240 an
931 3191 987 3244 uid.
1006 3205 1037 3255 <3²
1056 3197 1110 3242 aut

135 3257 190 3306 uid.
208 3259 235 3306 n
256 3257 266 3323 11
289 3261 320 3308 17
339 3262 366 3308 et
383 3258 507 3323 pontifex
524 3260 669 3310 Liuineius:
687 3259 812 3322 pontifex
830 3261 857 3306 Μ
878 3256 888 3322 11
909 3260 942 3308 20
960 3258 1047 3308 etiam
1065 3273 1108 3308 se-

134 3324 202 3373 dens
221 3327 307 3375 stanti
324 3327 442 3391 praeiuit
456 3326 598 3377 Gronouius
616 3328 667 3379 obs.
680 3326 750 3376 ΙΙΙΙ
763 3330 809 3375 16.Ι
827 3327 910 3376 etiam
929 3325 1026 3376 sedens
1046 3340 1108 3390 pre-

134 3391 195 3440 buit
207 3391 234 3437 Η
252 3393 334 3442 etiam
353 3394 440 3443 stanti
457 3395 556 3457 praeiit
575 3395 925 3458 ed.Lu9dunensisa.1531
939 3390 994 3458 1123
1014 3394 1109 3444 sciens

134 3460 281 3508 Liuineius:
299 3462 419 3510 scienter
435 3461 462 3508 Μ
483 3458 493 3525 11
514 3464 548 3512 24
565 3468 614 3513 tua
631 3477 677 3513 om.
695 3461 728 3509 W
749 3458 759 3526 11
780 3463 812 3512 26
831 3460 1004 3527 praedicatio
1022 3459 1110 3525 digna

135 3522 174 3589 ⁰l
187 3527 220 3575 29
237 3525 306 3575 illud
324 3528 402 3577 VW:
421 3528 496 3579 istud
513 3531 563 3577 Bc
