2406 4012
200 249 262 313 164
512 248 573 298 vu.
604 246 755 299 raonem
772 246 854 299 rar.

263 398 319 464 VI.
351 396 445 474 Quid·
458 397 495 462 de
519 395 737 461 misericordia
758 395 864 460 dicem
886 417 952 480 qua
972 395 1072 463 uictis
1092 400 1163 463 tem·

198 482 454 633 tillidi}
476 480 1163 650 taratarantiumat

199 589 352 718 eiusmodi
378 653 415 716 ia
442 652 559 716 iudicio
586 649 674 714 dedit
702 653 740 714 ut
767 650 955 716 semitutem
982 672 1097 736 passos
1120 652 1185 717 iu·'

173 741 290 801 onaret
311 740 440 820 recepta
460 734 611 816 libertas,
635 735 748 819 culpae
770 735 915 800 conscios
938 735 980 800 ad
1001 736 1161 821 poenitan-

200 823 277 886 tiam
300 824 465 886 reuocaret
487 819 686 905 impunitas?
729 819 807 904 quid
828 820 939 905 loquer
960 840 1075 887 rursus
1094 820 1181 887 int·-

198 929 267 971 mas
288 906 445 971 Franciae
472 907 622 969 nationes
650 904 716 968 ism
743 925 809 969 non
838 903 952 969 abhis
980 905 1063 971 loeis
1089 926 1162 991 quaa

199 992 277 1056 olim
299 990 436 1056 Romani
463 990 665 1070 inusserant,
695 988 751 1053 sed
775 1010 793 1052 a
815 989 954 1137 propriis
983 1011 1024 1055 ex
1046 990 1163 1089 origine

200 1078 249 1141 sui
287 1076 416 1140 sedibus
453 1078 548 1158 atque
585 1075 624 1137 ab
660 1073 782 1138 ultimis
841 1073 987 1139 arbariae
1021 1075 1163 1141 litonbn

161 1177 186 1218 1⁰
200 1161 344 1243 auulsas,
366 1158 460 1223 utin
482 1159 615 1224 desertis
638 1157 763 1222 Galliae
784 1158 971 1244 regionibus
993 1160 1187 1227 concana·

89 1302 92 1307 .
199 1249 232 1308 et
259 1265 371 1326 pacem
399 1241 538 1307 Romani
566 1242 692 1326 imperii
727 1243 813 1308 cultu
840 1242 992 1308 iurarent
1022 1247 1057 1310 et
1081 1264 1188 1331 sarram¹

200 1327 345 1392 dilectu?
384 1328 459 1410 quid
488 1348 732 1392 commemorem
759 1327 974 1413 Lingonicam
1000 1328 1162 1395 uictoriam

199 1413 297 1476 etiam
324 1413 526 1496 imperatoris
554 1412 656 1496 ipsius
690 1412 819 1476 uulnere
846 1412 1051 1497 gloriosam?
1093 1412 1161 1499 quid

199 1496 414 1562 Uindonissee
448 1518 578 1580 campos
610 1497 751 1562 hostium
788 1499 894 1581 strage
928 1499 1105 1582 completos
1133 1500 1162 1563 et

162 1601 187 1643 15
201 1581 305 1648 adhuc
333 1583 457 1647 ossibus
484 1581 634 1666 opertos?
670 1580 746 1664 quid
767 1582 942 1647 immanem
971 1604 1012 1647 ex
1035 1582 1160 1648 diuerais

201 1670 433 1734 Germanorum
461 1667 588 1751 populis
622 1666 875 1752 multitudinem,
911 1684 1007 1751 quam
1038 1668 1159 1733 duratos

200 1753 276 1838 gelu
303 1752 435 1817 Rhenus
469 1751 615 1815 illexerat
645 1754 683 1815 ut
711 1751 864 1834 insulam,
899 1773 997 1835 quam
1032 1751 1157 1817 diuortio

200 1839 250 1900 sui
278 1837 362 1901 idem
390 1836 493 1900 amnis
521 1835 743 1920 amplectitur,
774 1835 916 1920 pedestri
938 1837 1072 1922 agmine
1092 1856 1157 1903 ausa

199 1921 417 1984 transmittere
447 1923 579 2002 repente
607 1920 715 1985 laxato
746 1919 878 1985 flumine
908 1920 1157 1987 claudereturet

161 2023 188 2063 ao
202 2003 339 2067 dimissis
362 2005 471 2068 statim
493 2004 626 2069 obsessa
647 2006 787 2091 nauigiis
808 2004 856 2070 ita
883 2027 918 2071 se
940 2005 1058 2071 dedere
1078 2024 1154 2091 coge

200 2090 289 2151 retur
310 2091 355 2170 ut,
378 2088 463 2171 quod
478 2088 640 2152 difficilius
656 2093 714 2171 est,
738 2093 823 2155 sorte
844 2088 1153 2177 eommunielcgcat

201 2176 234 2236 et
257 2194 295 2237 ex
320 2194 421 2257 aequo
445 2194 524 2257 quos
547 2174 726 2256 captiuitati
748 2175 905 2258 traderet,
933 2176 1075 2242 relatura
1094 2192 1150 2241 curo

201 2258 259 2323 reli
284 2258 344 2322 uiis
367 2258 432 2322 suis
454 2257 621 2323 infamiam
643 2259 834 2343 proditionis
856 2281 997 2325 suorum.
1141 2338 1147 2353 ι

296 2343 339 2408 ll.
394 2343 471 2408 Dies
505 2365 555 2408 me
591 2346 665 2408 ante
699 2343 826 2409 deficiet
858 2365 953 2428 quam
985 2345 1100 2426 oratio,
1128 2360 1148 2405 a

161 2447 188 2488 as
202 2429 310 2492 omnia
331 2428 434 2512 patris
456 2429 504 2493 tui
524 2428 612 2493 facts
635 2427 687 2493 uel
712 2428 771 2493 hac
793 2429 952 2493 breuitate
998 2444 1147 2495 oronnam

202 2514 291 2577 ouius
319 2513 416 2579 etiam
441 2535 589 2596 suprema
617 2512 672 2578 illa
700 2513 859 2598 expeditio
886 2535 954 2578 non
1008 2510 1147 2606 ritune

201 2595 370 2679 trophaea,
403 2599 439 2660 ut
460 2598 559 2682 uulgo
583 2597 737 2662 creditum
759 2601 822 2681 est,
846 2597 1018 2684 expetiuit,
1044 2592 1146 2691 seddi!

201 2679 265 2741 iam
287 2679 479 2742 uocantibus
502 2682 540 2744 ad
563 2681 711 2745 intimum
726 2685 884 2748 terrerum
906 2683 1009 2748 limen
1024 2680 1145 2749 acoeml

202 2782 306 2844 neque
329 2763 414 2826 enim
436 2761 490 2827 ille
512 2766 562 2827 tot
581 2765 745 2850 tantisque
766 2768 861 2832 rebus
886 2768 989 2852 gestis
1009 2788 1076 2834 non
1094 2762 1175 2837 dio„

270 2966 527 3032 demissadwlld
545 2969 755 3021 uinctisAdW
770 2969 775 3036 Ι
790 2986 868 3022 sew:
887 2970 1004 3039 silui
1020 2974 1050 3023 in
1066 2964 1146 3023 iudtdo

202 3037 310 3098 scripsi:
322 3035 423 3086 iudicio
435 3037 690 3103 BGVindic.(sic)A
703 3038 860 3105 iudicemur!
872 3040 947 3090 dedit
957 3041 1045 3092 oms!
1055 3036 1067 3107 Ι
1077 3040 1147 3113 60111·
1177 3042 1180 3048 ’

202 3103 275 3154 scios
286 3117 326 3153 v:
339 3104 450 3155 conscio
461 3107 489 3153 ti
501 3103 511 3171 u
524 3104 676 3167 8Romani;
689 3108 769 3157 malim
780 3107 906 3159 Romana
918 3105 928 3173 ΙΙ
941 3111 957 3159 9
970 3110 1015 3161 sui
1024 3108 1096 3160 edd:
1104 3110 1147 3155 1111

201 3172 229 3219 H
241 3168 246 3235 Ι
266 3173 297 3222 10
310 3171 427 3223 collatae
440 3173 462 3220 Δ
475 3169 485 3238 ΙΙ
499 3175 530 3223 12
545 3172 676 3225 dilectum
688 3177 706 3223 0
720 3172 726 3240 Ι
741 3174 909 3240 lingonicam
920 3177 995 3226 MV
1005 3172 1148 3240 amonim

202 3238 235 3287 W
252 3236 257 3303 Ι
271 3241 303 3289 14
315 3239 463 3304 completos
475 3242 609 3293 echaia:
623 3257 683 3293 eom
702 3241 758 3293 leto
772 3242 882 3292 aedaw
893 3260 916 3293 m
929 3247 1016 3295 lcom
1036 3244 1104 3296 letos
1113 3230 1149 3291 ad

202 3306 302 3356 ΜΠ
314 3304 324 3372 ΙΙ
339 3309 370 3357 17
382 3307 509 3359 illexerat
520 3310 650 3374 harpias:
664 3257 796 3360 illuxerat
807 3312 835 3359 Ι
846 3308 974 3363 illuserat
986 3326 1004 3379 ς
1045 3312 1076 3363 18
1086 3302 1150 3361 amia

203 3373 236 3419 w
248 3370 258 3438 ΙΙ
273 3377 303 3425 19
315 3375 502 3426 transmittere
513 3377 536 3424 Δ
544 3376 576 3425 W
586 3376 676 3427 Bera:
689 3393 735 3430 om.
748 3377 768 3425 B
778 3377 826 3427 ov
838 3374 848 3443 11
861 3380 894 3429 20
906 3379 1035 3432 demissis
1045 3378 1082 3443 Ι,
1093 3384 1149 3429 corr·

204 3439 378 3506 ,4022111122
397 3446 424 3492 et
443 3456 476 3491 ex
495 3459 583 3509 aequo
602 3458 670 3510 quos
688 3444 826 3495 Armua:
844 3451 924 3497 etex
944 3462 1031 3513 equos
1046 3447 1075 3497 1
1091 3443 1150 3495 aer.

204 3520 270 3570 quos
281 3520 307 3556 v
321 3509 326 3570 Ι
342 3523 401 3558 oum
412 3509 524 3575 reliquis
536 3513 564 3560 H
576 3508 586 3576 ll
599 3514 632 3563 24
644 3510 784 3563 deficiatd
796 3512 957 3564 deficeretv
971 3516 978 3575 Ι
993 3514 1079 3567 oratio
1090 3502 1153 3564 ml

201 3572 210 3638 ll
224 3575 255 3623 27
265 3574 382 3640 trophea
393 3581 423 3625 ut
433 3578 545 3627 Bcvw:
558 3585 634 3646 trope
644 3580 721 3631 autA
735 3576 740 3646 Ι
757 3579 887 3631 creditum
896 3595 933 3633 v:
945 3588 1049 3636 oratum
1059 3578 1153 3633 noar·
