2406 4012
98 128 150 178 XX
476 127 691 178 PRAEFATIO.

96 279 145 355 Π,
168 300 198 358 p.
219 282 287 351 106,
304 281 323 339 5
339 281 531 361 ‘petendum’
544 283 645 341 Bert:
667 281 856 360 ‘petendam’
873 282 920 360 II3
945 303 976 363 p.
996 287 1068 358 135,
1093 310 1101 317 ·

98 366 138 423 26
161 363 285 424 ‘teclati'
303 368 404 424 Bert:
427 365 552 425 ‘uicisti'
567 365 614 442 II,
639 387 669 444 p.
688 365 758 437 141,
775 365 815 425 26
832 365 950 427 ‘laude'
967 370 1070 428 Bert:
1094 392 1110 443 γ,

97 446 174 527 ‘rep
196 449 301 509 laude'
323 449 358 509 n
379 469 418 509 ex
441 449 659 528 dittographia.
680 482 724 493 -
743 449 817 509 hino
838 450 1070 514 Bertiniensem
1094 442 1110 531 ,1

98 553 137 593 ex
159 532 270 594 eodem
291 552 352 612 quo
373 533 408 593 nt
434 533 539 594 codiee
563 534 749 612 descriptum
775 553 841 594 esse
864 544 950 614 puto.
996 559 1071 599 nam
1097 534 1110 621 -1

97 637 138 677 ne
166 619 233 696 quis
260 616 347 677 illum
373 620 497 678 tertium
524 616 681 696 quoddam
705 613 881 698 Maguntini
910 614 1071 701 exemplar
1099 626 1110 691 1

99 720 167 761 esse
189 702 355 775 existimet,
386 704 480 762 mirus
503 710 586 762 certe
606 702 730 763 uidetur
751 721 819 763 esse
841 703 973 765 duorum
995 726 1070 787 apo·
1108 706 1110 711 ’

97 785 283 865 graphorum
312 781 353 864 (A
380 795 411 848 et
433 783 598 866 Aurispae)
627 788 659 847 in
687 795 733 846 tot
760 788 836 847 locis
865 809 904 848 ex
928 789 963 849 M
989 790 1071 852 false

100 869 260 949 descriptis
282 890 462 934 consensus.
836 876 839 881 '

162 954 226 1014 Sed
246 956 294 1015 sao
315 977 353 1016 ex
372 957 476 1036 aliquo
488 955 614 1017 Galliae
634 956 749 1033 angulo
771 976 962 1018 communem
981 957 1072 1019 illum

97 1039 301 1100 Bertiniensis
324 1050 355 1101 et
376 1041 554 1120 Magantini
576 1040 695 1100 fontem
716 1040 750 1098 in
771 1040 872 1099 lucem
894 1060 1070 1121 emergere:

96 1133 132 1183 ut
159 1124 197 1184 de
229 1126 389 1184 nonnullis
416 1126 492 1185 locis
525 1125 638 1184 certius
666 1123 811 1184 iudicium
841 1125 922 1185 ferre
950 1127 1070 1201 liceret,

97 1208 142 1268 ita
169 1208 203 1265 in
229 1210 407 1269 uniuersum
436 1208 561 1270 easdem
589 1217 682 1288 atque
707 1207 754 1268 illi
781 1210 971 1289 corruptelas
993 1231 1072 1289 prae

99 1312 132 1352 se
156 1291 259 1351 ferret.
304 1294 446 1353 nimirum
474 1313 512 1354 ex
533 1294 660 1372 ingenio
685 1294 891 1372 repetendum
914 1304 960 1353 eet
982 1298 1071 1356 auxi-

97 1377 174 1435 lium
201 1385 235 1435 ut
262 1396 335 1437 suus
367 1379 415 1436 his
444 1378 652 1458 panegyristis
686 1377 835 1438 reddatur
866 1379 959 1438 nitor.
1006 1399 1071 1459 quo

99 1461 287 1521 emendandi
314 1462 440 1539 negotio
468 1483 536 1521 oum
558 1462 676 1522 honore
704 1463 899 1522 sanctisunt
927 1483 966 1523 ex
987 1465 1072 1542 prio-

97 1545 182 1604 ribus
205 1564 272 1604 cum
296 1543 518 1624 cuspinianus,
541 1547 726 1618 Rhenanus,
749 1547 922 1620 Puteanus,
947 1546 1072 1609 Grono-

98 1631 182 1702 uius,
210 1628 386 1704 Acidalius,
415 1630 652 1704 Rittershusius,
684 1630 848 1702 Gruterus,
882 1630 1071 1705 Schefferns,

98 1722 172 1786 tum,
195 1715 249 1793 qui
264 1735 342 1774 unus
363 1715 419 1775 hoe
436 1735 540 1775 ornnes
556 1716 676 1794 ingenii
697 1716 838 1774 acumine
853 1716 958 1788 anteit,
983 1715 1073 1775 Liui-

38 1810 40 1814 “
98 1799 197 1859 neiue.
226 1808 330 1859 nostra
351 1807 452 1860 aetate
471 1800 655 1860 Franciscus
670 1799 922 1876 Eyssenhardtus
944 1800 977 1858 in
998 1821 1072 1878 pro-

99 1891 266 1961 grammate
286 1884 483 1943 Berolinensi
504 1903 531 1941 a.
550 1885 630 1943 1867
653 1892 684 1943 et
698 1885 864 1943 Mauricius
878 1883 1036 1962 Hauptius
1045 1880 1071 1960 *1

99 1968 132 2026 in
148 1967 242 2025 uariis
256 1966 391 2027 Hermae
407 1967 575 2027 fascisculis
590 1966 688 2028 bonas
704 1968 822 2047 aliquot
837 1965 1073 2028 emendationes

99 2050 303 2133 protulerunt.
329 2052 396 2126 ipse
411 2051 450 2112 de
466 2052 687 2111 nonnullorum
701 2053 837 2112 locorum
852 2051 1074 2112 emendatione

99 2136 150 2211 egi
178 2135 212 2192 in
238 2136 335 2194 musei
355 2135 502 2195 Rhenani
530 2136 590 2199 uol.
613 2136 743 2196 XXVII
770 2157 801 2215 p.
825 2136 1004 2198 215-225.
1031 2170 1071 2178 —

100 2227 237 2279 ceterum
263 2221 297 2279 in
323 2219 382 2279 hac
410 2220 547 2280 editione
569 2220 721 2300 philologi
742 2228 862 2280 tantum
883 2227 987 2299 partes
1015 2222 1073 2279 im-

99 2304 185 2383 plere
213 2302 334 2381 studui3
368 2324 435 2364 meo
464 2313 616 2384 apparatu
643 2305 785 2364 instructi
815 2324 870 2364 suo
899 2303 1075 2382 fungantur

102 2389 202 2448 officio
228 2389 377 2449 historici.
428 2389 637 2450 excludendas
671 2397 773 2448 autern
806 2389 913 2467 putaui
946 2387 984 2446 ab
1011 2388 1074 2449 hac

99 2474 293 2552 praefatione
314 2476 510 2553 quaestiones
533 2494 613 2554 quae
635 2471 676 2533 ad
690 2473 883 2551 singularum
898 2472 1075 2532 orationum

101 2567 251 2632 auctores,
275 2558 315 2617 ad
337 2559 441 2619 studia
463 2578 574 2631 eorum,
598 2558 729 2617 maxime
751 2555 955 2616 Ciceroniana
976 2565 1074 2634 atque

101 2641 292 2718 Uergiliana,
310 2642 433 2720 aliaque
444 2643 636 2720 pertineant:
653 2641 714 2700 alio
730 2640 859 2701 fortasse
873 2639 950 2700 haee
966 2642 1074 2702 omnia

102 2744 169 2785 cum
192 2743 264 2783 cura
285 2724 544 2802 perscrutabimur
566 2733 713 2802 tempore.

166 2807 228 2869 Sed
250 2810 405 2887 quoniam,
430 2828 496 2868 cum
510 2808 538 2868 A
552 2809 650 2869 Ienae
672 2808 813 2868 conferre
834 2808 950 2879 liceret,
974 2807 1075 2869 Plinii

101 2894 309 2973 panegyricus
328 2895 390 2953 iarn
403 2895 568 2973 impressus
588 2901 662 2967 erat,
685 2892 737 2952 hic
751 2892 852 2952 saltim
866 2892 949 2952 illius
963 2891 1074 2951 lectio·

169 3143 193 3208 *)
224 3160 305 3210 quam
327 3146 356 3195 in
378 3145 494 3196 Hermae
516 3144 656 3196 u01.V111
678 3161 705 3211 p.
729 3145 778 3194 178
801 3142 836 3193 ad
859 3159 886 3207 p.
911 3141 958 3204 IV,
980 3143 997 3190 4
1021 3143 1076 3192 ‘ir-

102 3216 229 3278 rogaret’
255 3215 389 3278 prompsit
411 3212 644 3275 emendationem,
666 3213 738 3263 hane
762 3210 864 3262 oblitus
883 3214 942 3262 erat
962 3209 1006 3258 nir
1021 3209 1074 3260 Ille

103 3279 279 3332 doctissimus
301 3282 357 3331 iam
375 3281 480 3332 duobus
504 3281 585 3332 annis
608 3285 674 3330 ante
696 3295 713 3329 a
735 3293 778 3328 me
797 3278 814 3329 1.
831 3277 851 3328 l.
876 3277 979 3328 editam
1001 3292 1074 3330 esse.

101 3346 175 3397 idem
195 3349 266 3413 quod
283 3350 321 3404 ib.
334 3366 360 3415 p.
374 3350 423 3400 178
436 3348 472 3399 ad
483 3347 594 3399 Florum
606 3346 733 3411 protulit,
751 3345 782 3395 id
800 3361 817 3396 a
835 3360 877 3394 me
894 3348 1075 3410 praeceptum

103 3414 193 3464 estin
211 3415 388 3468 Fleckeiseni
407 3432 471 3467 ann.
491 3418 570 3479 1872,
588 3431 614 3480 p.
633 3416 674 3466 51.
