2406 4012
175 148 181 157 -
266 121 522 176 consmurruo
540 123 712 176 Aususro
731 126 765 174 n.
784 125 892 175 34-36.
999 124 1061 188 241.

92 274 233 355 exultat,
256 293 322 335 non
344 271 468 336 abiecta
490 271 640 356 languide
662 273 759 356 iacet,
784 272 839 336 sad
862 274 906 337 sie
928 274 1062 338 assiduis

92 357 198 421 diuini
224 355 379 441 principis
407 357 538 420 monitis
560 360 737 440 temperata
764 363 814 421 est
841 362 891 440 ut,
921 380 992 422 cum
1022 359 1060 422 ad

92 446 210 507 nutum
238 441 304 504 eius
326 439 476 504 flexibilis
506 444 538 505 et
559 444 670 505 tenera
693 442 839 522 ducatur,
868 443 1062 528 morigeram

93 548 128 591 se
149 547 218 589 non
240 524 354 588 terrori
377 525 443 588 eius
466 526 632 608 praebeat,
656 526 710 590 sed
732 527 936 612 benignitati.
966 529 1062 611 placi·

93 610 167 675 dam
182 609 301 693 quippe
323 630 430 673 rerum
449 609 588 693 quietem
611 613 643 674 et
656 610 851 694 profundum
874 612 946 675 urbi
962 613 1061 676 otium
1075 634 1088 673 5

92 698 208 780 gentes
230 693 426 778 perdomitae
451 693 669 757 condiderunt.
714 699 807 759 uacat
828 697 1062 761 remissioribus

93 778 213 843 animis
249 777 481 842 delectamenta
517 779 607 860 pacis
648 778 806 843 adhibere.
857 781 1063 844 celeberrima

92 884 240 947 quaeque
262 862 351 926 urbis
372 863 465 926 nouis
489 863 636 945 operibus
659 864 854 948 enitescunt3
888 866 1063 928 111111110-

92 948 160 1011 leta
175 946 271 1010 mode
286 968 343 1029 per
357 950 552 1011 uetustatem
567 947 710 1011 rediuiuo
731 949 818 1011 cultu
833 949 1061 1032 insigniuntur,

91 1030 150 1097 sed
175 1031 232 1094 illa
259 1030 328 1113 ipsa
355 1053 436 1114 quae
464 1033 601 1096 antehac
627 1033 946 1117 magnificentissima
971 1035 1102 1117 puta-10

91 1117 214 1180 bantur
235 1136 322 1179 nuuc
344 1115 413 1178 auri
435 1116 505 1179 luce
523 1115 683 1200 fulgentia
704 1116 886 1181 indecoram
907 1120 1063 1182 maiorum

91 1200 323 1285 parsimoniam
346 1200 563 1282 prodiderunt.
609 1202 692 1266 circo
715 1202 778 1285 ipsi
806 1202 943 1267 maximo
966 1204 1063 1267 subli-

90 1306 162 1349 mes
185 1284 324 1366 porticus
347 1286 379 1348 et
399 1284 567 1349 rutilantes
590 1307 666 1349 auro
689 1287 853 1351 columnae
869 1291 992 1351 tantum
1015 1289 1063 1352 in-

90 1369 207 1433 usitati
236 1371 368 1432 ornatus
395 1369 551 1435 dederunt
579 1370 696 1434 utillo
723 1393 789 1434 non
816 1372 922 1435 minus
951 1372 1063 1454 cupide

93 1452 307 1518 conueniatur
329 1453 391 1516 loci
412 1454 518 1536 gratia
539 1475 634 1537 quam
657 1455 831 1537 spectaculi
852 1455 1026 1536 uoluptate.
1077 1477 1102 1516 15

159 1536 310 1601 XXXVI.
337 1536 515 1601 Tantorum
530 1537 633 1600 Roma
649 1559 778 1621 compos
795 1538 960 1621 bonorum,
982 1560 1063 1622 quac

92 1618 224 1705 qiridem
247 1623 276 1684 ei
299 1626 375 1684 sunt
398 1642 470 1685 cum
484 1625 552 1685 toto
575 1622 651 1686 orbe
673 1622 866 1703 communia,
889 1622 997 1687 haurit
1016 1623 1064 1686 in·

92 1727 192 1789 super
219 1705 361 1790 ingentis
389 1707 458 1788 spei
484 1706 625 1770 fructum
655 1728 750 1789 quam
776 1707 973 1790 propositam
1002 1708 1061 1772 sibi

92 1812 134 1855 ex
150 1789 341 1854 Caesaribus
362 1791 570 1854 nobilissimis
585 1790 684 1854 habet
707 1813 878 1875 eorumque
898 1792 1061 1857 fratribus.

91 1895 232 1959 quorum
246 1874 311 1937 iam
325 1875 458 1939 nomina
472 1876 543 1958 ipsa
557 1897 755 1960 ueneremur,
779 1878 839 1941 etsi
859 1881 935 1941 uota
952 1882 1064 1942 nostra
1077 1899 1102 1937 ao

91 1958 226 2023 interim
252 1959 468 2043 proferuntur.
513 1981 573 2024 neo
600 1960 859 2026 Lacedaemoniis
893 1964 998 2047 magis
1026 1964 1063 2026 li·

92 2042 199 2108 cuerit
218 2042 278 2107 hoe
300 2044 448 2107 instituto
474 2066 542 2108 rem
563 2046 725 2128 publicam
747 2047 828 2109 tueri
856 2069 962 2129 suam,
992 2069 1063 2110 oum

91 2149 206 2212 regem
231 2129 295 2191 nisi
322 2150 360 2191 ex
383 2129 481 2211 stirpe
504 2129 651 2193 Herculis
681 2152 746 2193 non
768 2130 933 2194 haberent.
978 2133 1061 2211 tuos,

92 2210 308 2277 Constantine
323 2214 468 2294 maxime,
491 2217 563 2276 tuos
578 2214 695 2277 liberos
711 2236 748 2277 ac
764 2213 913 2295 deinceps
929 2216 1062 2296 nepotes

91 2300 202 2361 tecum
229 2300 322 2381 optat
355 2301 391 2361 ut
417 2301 509 2361 tanto
543 2320 562 2360 a
589 2297 733 2379 pluribus
762 2301 915 2380 petantur
944 2301 1063 2381 quanto
1076 2316 1102 2356 11

91 2380 217 2445 maiora
243 2385 428 2446 noscuntur.
473 2381 636 2444 declarant
663 2402 735 2445 eece
757 2382 914 2445 rationem
945 2381 1063 2464 cupidi·

92 2468 259 2548 tabemque
285 2470 434 2530 uotorum
456 2466 542 2529 faeta
565 2465 684 2549 Crispi,
717 2465 891 2530 Caesarum
919 2467 1061 2549 maximi,

91 2551 129 2613 in
151 2570 214 2632 quo
236 2550 328 2614 uelox
347 2551 450 2615 uirtus
473 2550 589 2614 aetatis
611 2573 701 2614 mora
722 2573 789 2615 non
811 2551 974 2615 retardata
989 2574 1063 2636 pue-

92 2633 172 2697 riles
194 2656 297 2699 annos
312 2635 423 2719 gloriis
439 2634 685 2718 triumphalibus
709 2637 885 2720 occupauit,
910 2637 998 2701 cuius
1018 2639 1062 2701 ita

93 2719 161 2783 iam
188 2718 300 2783 uberes
328 2724 453 2783 scatent
475 2720 584 2783 laudes
610 2724 648 2785 ut
669 2723 783 2804 plenae
806 2726 938 2805 possent
960 2723 1062 2785 uideri
1076 2740 1102 2779 eo

92 2802 158 2866 nisi
189 2804 329 2886 coepisse
363 2808 396 2867 et
425 2807 549 2887 partem
582 2806 805 2889 cogitaremus.
850 2806 905 2886 qui
935 2807 1063 2888 quidem

162 3043 178 3090 6
201 3043 292 3107 gentis
313 3042 478 3107 perdomicie
500 3044 550 3107 (uel
569 3039 640 3105 itio)
659 3045 699 3103 11,
727 3058 796 3092 corr.
815 3055 839 3089 w
869 3040 879 3108 ΙΙ
910 3045 924 3091 7
946 3040 1063 3091 celeber-

91 3109 164 3159 rima
181 3124 287 3175 queque
305 3112 327 3158 Δ
345 3113 378 3158 W
395 3111 485 3161 Bert:
512 3110 743 3174 celeberrimaque
761 3111 781 3157 B
800 3113 817 3158 G
838 3111 923 3160 celeb.
944 3125 1024 3173 quam
1043 3110 1063 3156 V

94 3174 107 3239 ll
127 3180 144 3228 8
163 3178 242 3227 nouis
261 3191 297 3227 w:
317 3179 394 3228 nobis
412 3177 458 3244 111
473 3178 599 3231 obselata
616 3179 638 3225 Δ
656 3179 678 3225 V
694 3176 704 3242 ΙΙ
726 3180 741 3227 9
761 3178 848 3227 cultui
866 3179 899 3224 W
916 3175 926 3242 ll
950 3181 979 3226 10
998 3182 1061 3227 ante

93 3259 128 3293 ac
145 3244 169 3292 A
187 3246 209 3292 V
226 3249 310 3295 antea
328 3259 353 3293 w
374 3243 384 3310 l}
406 3249 437 3295 12
457 3248 529 3296 circo
547 3260 584 3295 w:
604 3245 707 3294 idcireo
726 3248 754 3293 11
774 3243 784 3310 ll
808 3249 838 3295 17
859 3247 910 3295 οοῑ.
929 3244 1023 3295 haurit
1041 3245 1064 3293 A

93 3308 106 3375 l!
126 3314 161 3361 25
180 3320 283 3377 quanto
302 3312 336 3362 ad
347 3316 453 3364 maiora
471 3320 620 3363 nascuntur
638 3316 697 3365 edd.
714 3323 775 3377 post
792 3314 897 3363 maiora
915 3314 1062 3362 inseruerim

91 3395 188 3433 eorum
206 3379 355 3446 facinorass
371 3385 402 3432 31
421 3387 527 3445 partem
539 3383 686 3432 Acidaliae:
704 3386 812 3445 patrem
828 3383 867 3440 13
886 3398 920 3431 aa
939 3381 1066 3447 coepisse

91 3452 207 3513 propter
224 3453 342 3498 aetatem
359 3452 439 3514 cog?
462 3450 516 3499 nisi
535 3451 576 3498 sie
595 3463 669 3514 coep.
688 3452 716 3498 et
734 3454 840 3513 patrem
865 3449 1000 3511 Witbofius

142 3538 231 3581 Parae.
247 3549 301 3580 aar.
880 3535 911 3583 16
