2406 4012
256 122 467 172 insonosro
487 121 655 172 accusso
675 122 709 175 u.
734 125 842 173 ar-ra.
968 121 1030 185 297

62 271 174 355 pulsus
203 273 266 351 est,
301 270 394 333 alteri
422 271 567 334 manibus
601 270 772 334 satellitum
802 271 1030 335 Britannorum

63 355 140 440 gula
162 354 248 418 domi
270 354 374 418 fracta
397 358 430 418 et
452 355 559 418 inusta
577 355 732 418 femineae
754 356 864 419 mortis
887 356 1030 438 infamia,

62 444 101 503 ut
123 439 245 503 seilicet
266 439 416 502 maluisse
438 441 488 502 uir
510 440 587 503 ferri
610 440 847 503 amantissimus
870 440 1032 504 uideretur

62 525 177 607 laqueo
197 523 302 605 perire
323 545 419 606 quam
434 523 549 607 gladio.
578 524 633 587 sed
655 525 690 587 in
712 524 783 588 illos
802 524 939 588 fortasse
962 546 1031 608 spe·

63 608 161 672 ciales
188 610 355 690 putaretur
379 607 527 671 habuisse
556 608 699 672 odiorum
728 630 838 672 causas
863 613 1058 692 tyrannuss

63 695 199 757 steterat
221 693 308 755 enim
329 695 462 775 uterque
486 692 519 755 in
543 693 611 755 acie
634 693 782 757 Gratiani
805 697 838 756 et
860 694 1031 757 Gratianus

62 781 234 859 utrumque
257 776 422 840 dilexerat.
458 777 534 859 quid
556 777 595 839 de
617 777 667 840 his
691 777 831 840 dicemus
854 779 909 860 qui
931 777 1032 842 hono-

61 883 134 925 rum
161 882 197 925 ac
218 861 401 944 principum
422 861 523 924 nescii
550 865 582 924 et
603 864 729 925 tantum
752 862 836 924 inter
858 882 931 924 suos
954 862 1032 925 clari

61 945 189 1010 nobiles
212 945 335 1008 animas
358 946 417 1008 sub
440 945 587 1009 carnifice
609 944 787 1009 fuderunt?

128 1028 248 1092 XXIX.
293 1028 341 1092 De
370 1030 512 1093 uirorum
539 1030 693 1093 mortibus
723 1030 848 1112 loquor,
878 1051 950 1092 cum
977 1030 1030 1093 de·
1046 1051 1071 1091 ro

62 1134 212 1177 seensum
245 1113 391 1176 recorder
424 1114 461 1177 ad
492 1115 681 1198 sanguinem
709 1114 900 1177 feminarum
933 1117 965 1177 et
997 1114 1032 1176 iu

48 1218 174 1263 ‚sexum
198 1199 248 1261 oui
271 1197 355 1261 bella
376 1202 513 1280 parcunt
534 1221 611 1281 pace
635 1198 815 1262 saeuitum?
859 1199 914 1262 sed
937 1198 1031 1261 nimi-

61 1304 136 1345 rum
165 1303 279 1366 graues
308 1281 460 1346 suberant
480 1284 720 1366 inuidiosaeque
749 1304 861 1347 causae
890 1291 925 1346 ut
949 1304 1031 1346 unco

63 1367 106 1429 ad
120 1387 256 1448 poenam
279 1367 357 1430 clari
371 1367 456 1430 uatis
478 1372 623 1431 matrona
638 1372 811 1450 raperetur.
835 1367 1033 1430 obiciebatur

64 1450 150 1514 enim
180 1453 276 1533 atque
304 1451 399 1514 etiam
422 1451 617 1534 probabatur
644 1452 769 1514 mulieri
791 1452 906 1514 uiduae
932 1451 1032 1513 nimia
1045 1468 1071 1508 15

61 1534 179 1618 religio
201 1540 234 1598 et
248 1534 435 1619 diligentius
458 1535 543 1598 culta
560 1535 720 1599 diuinitas.
750 1535 825 1618 quid
848 1537 907 1597 hoc
931 1534 1032 1597 maius

63 1622 190 1702 poterat
222 1619 387 1683 intendere
425 1623 591 1683 aecusator
624 1619 794 1684 sacerdos?
838 1619 901 1681 fuit
934 1619 1030 1699 enim,

62 1704 128 1767 fuit
149 1707 182 1767 et
195 1703 257 1766 hoe
273 1703 450 1767 delatorum
464 1725 567 1788 genus
591 1705 645 1786 qui
660 1704 843 1767 nominibus
860 1702 1031 1785 antistites,

62 1810 99 1852 re
122 1809 198 1851 uera
226 1790 332 1851 autem
355 1788 509 1852 satellites
536 1793 632 1871 atque
655 1788 733 1851 adeo
756 1787 935 1870 carnifices,
965 1808 1032 1850 non

63 1871 208 1936 conteuti
230 1872 362 1935 miseros
392 1873 487 1936 auitis
509 1872 664 1937 euoluisse
687 1873 887 1956 patrimoniis
916 1872 1032 1935 calum·
1046 1891 1072 1930 20

61 1956 237 2020 niabantur
259 1956 292 2019 in
316 1958 508 2040 sanguinem
538 1961 570 2021 et
591 1959 674 2022 uitas
696 1958 885 2040 premebant
906 1978 1032 2020 reorum

63 2040 129 2104 iam
151 2061 338 2124 pauperum,
362 2041 568 2124 quinetiam,
596 2064 668 2106 cunr
689 2041 816 2105 iudiciis
840 2040 1032 2123 capitalibus

64 2125 258 2205 astitissent,
301 2146 373 2189 cum
407 2126 546 2209 gemitus
581 2129 613 2188 et
645 2128 804 2190 tormenta
842 2127 1032 2187 miserorum

64 2209 193 2273 auribus
217 2231 255 2273 ac
269 2209 444 2273 luminibus
459 2209 651 2293 hausissent,
675 2231 746 2272 oum
761 2209 910 2273 lictorum
933 2230 1031 2289 arma,

65 2315 138 2358 cum
161 2294 382 2358 damnatorum
405 2295 497 2358 frena
519 2297 723 2376 tractassent,
745 2292 884 2377 pollutas
902 2293 1032 2373 poenali
1045 2310 1072 2350 25

65 2380 215 2442 contactu
243 2400 355 2443 manus
382 2379 421 2442 ad
444 2400 534 2442 sacra
559 2378 743 2442 referebant
771 2380 803 2441 et
825 2377 1032 2440 caerimonias

64 2484 143 2547 quas
172 2464 410 2528 incestauerant
437 2462 608 2526 mentibus*
630 2462 726 2526 etiarn
760 2461 945 2545 corporibus
975 2460 1032 2523 im-

63 2547 208 2630 piabant.
251 2548 310 2612 hos
332 2548 386 2611 ille
408 2547 532 2611 Falaris
560 2547 594 2610 in
620 2547 731 2611 amicis
754 2546 910 2628 habebat,
941 2545 976 2608 hi
999 2546 1033 2608 in

65 2631 165 2695 oculis
188 2631 254 2696 eius
277 2635 373 2714 atque
396 2632 491 2696 etiam
513 2632 548 2696 in
564 2632 681 2696 osculis
704 2635 808 2716 erant3
831 2651 892 2696 nec
906 2631 1032 2713 iniuria,

66 2737 85 2778 a
107 2715 220 2799 quibus
242 2719 292 2780 tot
313 2717 409 2780 simul
430 2718 540 2782 uotiua
562 2718 752 2781 ueniebant:
776 2738 874 2780 auaro
897 2715 1032 2779 diuitum
1046 2732 1073 2772 ao

64 2798 165 2897 bona,
193 2803 327 2864 cruento
356 2802 574 2865 innocentium
596 2823 714 2884 poena,
744 2801 843 2882 impio
869 2800 1033 2883 religionis

65 2905 192 2949 rnruna.

134 3106 289 3158 7dieemus
309 3121 338 3172 ς1
368 3106 528 3157 dicimusll
556 3102 566 3168 ΙΙ
599 3108 627 3154 11
649 3102 725 3169 fem]
745 3104 888 3153 mulierum
906 3116 930 3150 w
960 3099 970 3166 ΙΙ
1002 3103 1032 3149 12

64 3189 135 3239 pace
153 3175 247 3225 Frane.
265 3175 383 3225 Medius:
402 3189 484 3238 parce
502 3172 591 3238 (parto
610 3171 645 3235 A)
663 3174 690 3220 11
708 3173 781 3222 Bert.
800 3187 854 3221 non
872 3185 956 3234 parce
974 3182 999 3216 w
1020 3166 1030 3233 Η

65 3244 98 3291 14
117 3240 262 3292 clarinatis
280 3243 354 3292 Bert.
378 3238 388 3305 ΙΙ
414 3243 444 3292 15
464 3241 549 3292 etiam
567 3241 783 3305 exprobrabatur
801 3241 860 3289 edd.
892 3236 902 3302 ΙΙ
931 3239 964 3287 20
983 3237 1034 3285 rni-

64 3324 140 3360 seros
158 3310 180 3359 Δ
199 3309 289 3359 Baras
310 3326 357 3360 om.
375 3309 396 3356 B
415 3310 431 3357 c
448 3309 471 3355 V
488 3309 521 3356 W
547 3310 551 3370 Ι
577 3305 725 3371 euoluisse]
745 3305 880 3370 spoliasse
899 3319 923 3353 w
956 3302 967 3369 ΙΙ
1001 3304 1034 3353 25

63 3373 155 3441 frena]
184 3377 280 3426 funera
306 3378 437 3426 Liuineius
471 3374 481 3440 ΙΙ
515 3378 548 3426 28
570 3374 695 3426 Phalaris
716 3376 735 3423 B
755 3376 771 3421 c
789 3375 822 3422 W
852 3371 861 3437 ΙΙ
891 3375 924 3424 30
952 3371 1034 3422 simul

63 3460 111 3495 om.
132 3446 165 3491 W
