2406 4012
223 75 294 127 PRO
313 73 593 126 RESTAURANDIS
612 73 745 126 sconis.
765 79 872 127 10—14.
966 75 1026 141 125

54 224 179 311 quipe
209 221 272 287 hoc
306 222 376 306 ipso
409 223 543 305 praemii
571 223 673 308 gloria
705 225 898 289 continetur¹
919 246 961 290 ne
993 226 1027 290 id

57 308 135 393 cupi
160 308 237 371 ‘tute
260 307 433 390 quaerendi
456 307 534 372 affec
550 329 620 372 asse
642 307 815 374 uideamur.
859 310 943 393 quod
965 309 1027 375 hoc

56 414 124 459 uno
152 391 281 475 assequi
302 412 484 474 possumus,
514 392 539 455 si
562 413 621 475 pro
644 397 776 478 accepto
799 394 949 459 ducamus
972 396 1026 458 ob·

56 478 172 561 latum,
195 479 232 541 ut
245 475 421 540 industriae
442 476 486 540 sit
500 476 541 539 ad
556 477 701 542 sumendi
720 479 843 562 copiam
858 479 1026 563 peruenire

56 561 212 647 potuisse,
238 559 455 625 continentiae
477 562 676 644 praeterisse.
1040 584 1052 624 5

122 644 214 711 XIII.
266 644 318 709 An
338 645 367 709 si
389 643 558 708 fortissimi
579 645 640 709 uiri
668 646 704 709 in
726 647 825 711 sacris
848 647 1027 712 certamini·

56 731 120 795 bus
142 750 266 794 summo
288 729 397 794 labore
419 732 513 812 atque
536 729 634 792 etiam
655 730 742 793 uitae
763 731 904 815 periculo
927 731 1028 795 solam

56 834 175 879 nocem
228 813 355 878 asconis
377 816 410 878 et
431 834 568 878 coronae
583 813 802 877 testimonium
817 818 943 898 petunt,
968 837 985 879 e
1009 837 1028 881 o

57 898 161 964 uerba
186 899 197 961 i
223 920 242 962 a
264 898 373 961 diuina
401 897 617 982 caelestesque
640 898 781 982 litteras,
811 899 927 983 quibus
948 838 1028 963 miIii

56 983 146 1049 tanti
160 982 320 1066 principes
342 981 573 1046 instituendam
588 984 788 1047 iuuentutem
806 984 1028 1048 commendare
1043 1005 1068 1044 ro

58 1067 189 1153 dignati
214 1069 307 1149 sunt,
335 1088 402 1131 non
429 1067 514 1131 ultra
540 1068 683 1131 omnium
709 1089 825 1132 uocum
850 1069 1028 1152 potentiam

59 1150 306 1217 uenerabundus
340 1150 520 1234 accipiam?
562 1173 628 1216 non
656 1153 741 1217 ultra
768 1174 878 1218 omnes
904 1154 1029 1218 laureas

60 1234 188 1301 colam?
209 1256 288 1319 quas
303 1256 374 1320 ego,
390 1236 441 1299 uir
454 1235 684 1319 perfectissime
699 1238 745 1278 *²¹³
759 1239 931 1302 tamenetsi
944 1239 1029 1302 hanc

82 1340 189 1404 noque
215 1319 296 1384 mihi
322 1320 450 1384 ueniam
479 1320 601 1385 tribuas
630 1324 764 1404 oportet.
810 1344 914 1407 neque
943 1324 1029 1386 enim

59 1342 114 1470 Ias
134 1405 235 1489 ipsius
258 1404 412 1488 epistulae
435 1426 544 1469 sacrae
572 1406 905 1470 commemorationem
929 1406 1030 1469 solam
1044 1423 1069 1464 15

61 1491 134 1555 sine
160 1489 311 1573 obsequio
338 1489 539 1553 recitationis
566 1488 732 1572 inducere,
761 1492 798 1553 ut
825 1511 863 1554 eu
890 1490 1031 1573 perlecta

61 1574 168 1658 magis
196 1574 318 1638 eluceat
344 1577 499 1656 quantum
527 1594 578 1636 me
600 1573 742 1636 studium
763 1594 823 1656 par
845 1574 888 1638 sit
909 1574 1030 1657 impen-

62 1658 139 1723 dere
166 1678 232 1722 non
258 1658 336 1740 ipsis
364 1657 458 1721 modo
483 1658 613 1737 litteris,
645 1657 701 1721 scd
723 1658 821 1722 etiam
842 1658 972 1742 templis
993 1680 1030 1723 ac

61 1741 192 1807 sedibus
214 1742 402 1806 litterarum.

126 1824 216 1890 XIV.
240 1824 418 1890 ‘Mereatur
440 1828 473 1888 et
488 1825 575 1890 Galli
597 1826 700 1890 nostri
721 1830 759 1890 ut
781 1848 890 1892 eorum
910 1828 1030 1909 liberis,
1044 1846 1068 1885 20

60 1930 197 1995 quorum
224 1910 292 1973 uita
316 1910 352 1973 in
374 1909 714 2008 Augustodunensium
742 1913 859 1995 oppido
881 1912 1031 1998 ingenuis

62 1994 185 2059 artibus
208 1994 359 2077 eruditur,
382 1996 414 2058 et
431 1994 493 2077 ipsi
510 1994 739 2079 adulescentes,
762 1997 817 2080 qui
837 1997 938 2060 hilaro
958 2017 1031 2059 con·

62 2100 160 2145 sensu
174 2100 280 2143 meum
298 2077 494 2162 [Constantii
505 2077 651 2144 Caesaris
668 2102 706 2143 ex
719 2080 815 2143 Italia
828 2079 1030 2161 reuertentis]

63 2184 232 2261 suscepere
254 2163 456 2260 comitatum,
478 2166 515 2227 ut
537 2185 647 2260 eorum
669 2163 771 2260 indoli
793 2163 958 2259 consulere
981 2183 1032 2226 cu·

61 2246 506 2397 ttttuttttuttt
529 2247 625 2414 ta
643 2268 822 2395 illiti
842 2247 1033 2415 tatuit
1046 2262 1071 2304 ²⁵

60 2416 187 2501 eripere
208 2415 365 2480 fortuna?
402 2416 486 2481 unde
508 2413 667 2480 auditorio
689 2415 779 2500 huie,
802 2415 887 2499 quod
908 2415 1034 2480 uidetur

62 2501 200 2566 interitu
226 2502 441 2584 praeceptoris
469 2500 632 2585 orbatum,
660 2504 693 2565 tc
720 2501 922 2584 potissimum
943 2522 1032 2586 prae·

64 2584 160 2651 licere
182 2585 396 2669 decreuimus,
429 2587 517 2649 cuius
540 2585 756 2669 eloquentiam
785 2590 818 2650 et
838 2587 1034 2671 grauitatem

62 2690 193 2735 morum
229 2692 267 2734 ex
302 2673 391 2735 aetus
427 2671 531 2735 nostri
567 2670 721 2735 habemus
758 2670 1072 2734 administrationes

134 2826 151 2873 4
168 2824 204 2875 ad
221 2824 347 2877 sumendi
362 2824 507 2875 Liuineius:
526 2824 682 2874 assumendi
700 2822 746 2887 ΠΙ
763 2824 907 2890 preucnire
924 2824 1009 2871 nun
1025 2820 1034 2885 li

64 2892 83 2942 5
101 2892 276 2943 continentia
294 2894 321 2940 Π
344 2890 354 2959 ΙΙ
378 2895 410 2943 11
429 2893 582 2957 potentiam
599 2900 759 2957 corruptum:
777 2891 954 2957 praeconium
972 2891 1034 2938 Aci-

64 2956 184 3076 daliuap
205 2963 236 3012 13
255 2964 370 3011 lacunam
386 2962 500 3010 indicaui
518 2960 522 3023 Ι
542 2961 657 3010 tametsi
673 2960 693 3008 B
712 2961 730 3007 0
747 2959 769 3006 V
791 2958 801 3024 ΙΙ
823 2960 854 3009 16
874 2974 908 3008 ea
925 2972 972 3006 om.
991 2956 1008 3004 (l
1025 2954 1035 3015 ἷξ

65 3027 99 3076 17
118 3024 163 3076 eln
187 3028 272 3078 eata
295 3026 306 3093 ΙΙ
335 3030 365 3079 18
384 3027 433 3078 sed
453 3028 537 3079 etiam
554 3032 582 3077 et
599 3025 709 3092 templis
725 3028 766 3089 n;
792 3031 820 3076 et
837 3029 885 3077 del.
907 3024 1035 3075 Liuineius

63 3091 75 3159 lt
92 3094 127 3145 20
139 3094 289 3161 Exemplar
301 3091 370 3161 Epic
380 3095 413 3143 W
424 3096 451 3145 in
462 3110 540 3159 marp.
553 3094 713 3160 Exemplum
726 3109 805 3144 sacre
817 3089 878 3158 epla
889 3093 912 3139 Δ
923 3093 950 3140 r'n
962 3096 1035 3140 teratu

64 3196 115 3245 lite.
134 3196 205 3246 rubr.
228 3192 242 3262 Η
262 3199 294 3248 21
313 3200 431 3261 augusto
450 3195 620 3247 clunensium
638 3194 671 3244 W
689 3199 807 3260 arigusto
826 3156 995 3242 cluuinsinm
1012 3195 1035 3241 Δ

66 3268 187 3328 angusto
209 3263 379 3345 clunensium
396 3265 417 3312 B
435 3265 457 3312 V
481 3270 600 3328 angusto
619 3259 828 3343 cliuiensiumc
857 3259 871 3342 lt
897 3262 928 3310 22
946 3260 1035 3342 hilapo

65 3329 303 3451 tdttuttt
315 3330 466 3451 illidii}
484 3328 1036 3464 t‘{taltit}‘tttffttttttt
