2406 4012
1133 39 1199 237 'l

183 357 261 439 quin
283 355 436 438 opitulari
453 355 513 418 tibi
535 355 630 418 deum
653 354 773 433 credat,
795 375 868 418 curn
889 354 923 418 id
945 358 980 419 et
1000 355 1074 419 uita
1095 376 1157 420 me-

182 444 290 504 reatur
319 443 351 503 et
371 461 476 536 perum
499 441 661 536 gestarum
690 438 880 523 magnitudo
898 439 1068 536 testeum?
1105 462 1157 524 pa·

170 523 495 672 tttttstttll
518 523 1157 673 titttltittttttltt

156 713 243 756 anea
269 691 443 754 inhumane
478 690 516 755 de
544 692 727 775 praeteritis
760 695 850 754 muta
879 691 922 756 sit
954 713 1018 756 nec
1048 692 1156 757 odiose

181 775 378 838 instantibus
401 774 601 859 obloquatur.
638 781 690 858 tu,
714 776 889 859 imperator
911 777 1052 860 optime,
1076 777 1155 841 inito

181 859 380 943 principatu,
403 859 506 923 adhuc
528 861 599 924 aeui
619 861 820 942 immaturus,
844 861 898 924 sed
920 861 987 924 iam
1008 864 1155 925 maturus

182 947 327 1028 imperio,
351 944 520 1008 ostendisti
543 966 669 1008 cursum
692 944 807 1007 aetatis
829 965 896 1008 non
918 945 1156 1028 expectandum

182 1031 217 1092 in
240 1029 445 1092 festinatione
470 1028 608 1092 uirtutis.
652 1030 688 1091 tu
711 1028 825 1092 exinde
848 1028 934 1092 dorni
957 1029 1177 1112 militiaeque,

145 1135 170 1174 10
183 1114 272 1176 iuxta
294 1114 396 1176 bonus
424 1134 582 1195 nusquam
604 1113 740 1196 gradum
767 1112 910 1176 extulisti
932 1113 1011 1195 quin
1038 1114 1155 1197 ubique

183 1203 215 1261 te
238 1197 345 1280 gloria
366 1197 456 1280 quasi
478 1197 591 1260 umbra
620 1197 772 1261 comitata
795 1197 848 1260 sit.
887 1202 923 1259 tu
944 1197 1155 1262 ferocissimis

183 1281 313 1364 regibus
342 1281 494 1343 Ascarico
523 1284 556 1343 et
583 1281 699 1344 comite
725 1302 782 1344 suo
811 1281 913 1365 captis
939 1284 1037 1345 tanta
1064 1281 1155 1345 laude

182 1385 233 1428 res
256 1364 387 1428 bellicas
415 1365 597 1447 auspicatus
621 1386 654 1429 es
682 1375 719 1428 ut
740 1386 811 1429 eam
837 1364 1000 1430 inauditae
1029 1367 1154 1451 magni·

183 1447 303 1513 tudinis
332 1448 474 1511 obsidem
496 1452 687 1512 teneremus.
724 1453 761 1512 nt
781 1449 955 1513 Herculem
976 1449 1090 1514 ferunt
1110 1454 1154 1514 te-

147 1554 172 1592 15
185 1555 298 1597 nerum
332 1532 435 1597 adhuc
470 1537 564 1617 atque
592 1533 764 1598 lactentem
795 1534 872 1596 duos
903 1554 1027 1616 angues
1058 1556 1155 1599 manu

184 1619 322 1700 elisisse,
351 1619 478 1681 utiam
503 1621 540 1683 ia
561 1617 722 1681 infantulo
751 1617 875 1681 indoles
897 1617 1000 1681 futuri
1028 1619 1153 1683 roboris

184 1704 351 1786 emicaret,
376 1703 421 1766 sic
443 1706 493 1781 tu,
517 1703 701 1786 imperator,
725 1702 760 1764 in
781 1702 859 1786 ipsis
881 1702 1009 1784 imperii
1031 1704 1083 1766 tui
1104 1724 1153 1766 cn-

183 1788 328 1869 nabulis,
359 1787 450 1870 quasi
471 1788 615 1871 geminos
643 1787 798 1850 dracones
826 1807 974 1868 necares,
1003 1807 1065 1869 per
1090 1808 1154 1850 sae·

184 1872 390 1934 nissimorum
411 1892 524 1954 regum
545 1872 669 1935 famosa
690 1870 848 1954 supplicia
870 1869 1014 1934 ludebas.

146 1974 172 2014 20
248 1953 352 2016 XVII.
381 1953 501 2017 Franci
519 1955 582 2036 ipsi
596 1957 724 2038 praeter
745 1957 866 2019 ceteros
880 1957 997 2037 truces,
1020 1976 1153 2038 quorum

183 2037 232 2099 uis
257 2037 389 2100 eumad
412 2037 496 2100 bella
521 2038 742 2102 efferuesceret
763 2039 846 2102 ultra
869 2039 976 2122 ipsum
999 2059 1154 2103 oceanum

184 2123 273 2185 aestu
294 2120 412 2184 furoris
441 2125 552 2186 euecta
574 2121 808 2205 Hispaniarum
836 2123 934 2187 etiam
962 2144 1035 2187 oras
1059 2124 1152 2187 armis

183 2206 317 2271 infestas
340 2205 494 2289 habebat,
517 2205 552 2271 hi
573 2207 672 2291 igitur
695 2207 753 2270 sub
777 2207 873 2270 armis
895 2207 959 2270 tuis
982 2208 1029 2271 ita
1051 2208 1153 2272 conei-

185 2292 302 2356 derunt
316 2294 353 2355 ut
362 2291 459 2355 deleri
471 2291 616 2355 funditus
627 2294 770 2375 possent,
786 2291 851 2355 nisi
862 2291 971 2355 diuino
985 2291 1151 2373 instinctu,

146 2396 172 2436 as
186 2398 247 2460 quo
276 2377 362 2461 regis
389 2376 513 2458 omnia,
549 2397 627 2460 quos
655 2376 724 2459 ipse
757 2375 907 2439 effeceras
937 2376 1150 2441 conficiendos

184 2461 251 2524 filio
274 2483 478 2525 reseruasses.
509 2482 698 2544 quamquam
722 2460 762 2522 ad
784 2459 922 2543 gloriam
943 2466 1088 2524 uestram
1109 2461 1150 2525 fe·

187 2545 290 2608 cunda
304 2546 398 2609 malis
414 2547 479 2609 suis
501 2547 589 2609 natio
604 2546 651 2609 ita
671 2544 791 2627 raptim
806 2543 946 2608 adoleuit
959 2546 1149 2627 robusteque

184 2633 326 2690 recreata
348 2633 397 2691 est
421 2633 458 2692 ut
479 2629 653 2693 fortissimo
677 2627 807 2694 Caesari
827 2628 988 2711 primitias
1011 2628 1149 2713 ingentis

184 2711 338 2773 uictoriae
364 2711 469 2792 daret,
502 2733 574 2774 cum
600 2713 756 2777 memoria
783 2715 932 2795 acceptae
960 2712 1063 2777 cladis
1090 2732 1149 2776 non

146 2814 172 2853 eo
185 2793 335 2874 infracta,
359 2794 414 2856 sed
429 2797 576 2877 asperata
590 2801 760 2880 pugnaret.
783 2796 966 2861 differamus
981 2814 1149 2881 parumper

182 204 245 268 226
509 206 543 256 x.
572 198 721 257 nannum
738 204 820 255 Pau.

253 3052 407 3100 2testatur
423 3052 446 3098 A
470 3048 480 3116 ll
509 3053 524 3101 3
543 3050 707 3101 diuerticulo
726 3053 744 3100 0
762 3065 787 3099 w
811 3049 820 3116 ΙΙ
844 3053 860 3101 5
881 3052 1043 3115 praeteritis
1063 3050 1149 3101 Mark-

184 3120 278 3168 landua
296 3134 335 3182 ep.
355 3121 411 3168 crit.
430 3121 466 3170 od
476 3119 522 3167 Fr.
536 3119 612 3168 Here
630 3137 656 3183 p.
670 3122 736 3169 142.-
755 3120 855 3168 ceteris
872 3120 900 3166 1
919 3116 930 3182 ss
953 3122 969 3169 6
987 3119 1023 3167 de
1040 3120 1149 3169 instant

185 3189 244 3236 edd.
270 3183 280 3250 ΙΙ
305 3189 336 3235 12
356 3187 510 3235 astaricod
533 3183 543 3250 ΙΙ
568 3189 600 3237 13
619 3203 680 3236 eam
698 3186 773 3236 Bert.
792 3187 814 3233 A
831 3186 851 3233 B
870 3186 906 3234 V:
925 3185 978 3235 iam
998 3188 1033 3235 W
1049 3188 1069 3235 0
1089 3182 1100 3250 l
1123 3184 1149 3233 15

185 3254 334 3304 lactantem
353 3256 380 3300 Μ
402 3251 413 3318 ΙΙ
437 3255 470 3304 16
487 3254 517 3302 in
534 3255 682 3304 Acidaliae:
700 3269 747 3305 om.
766 3254 794 3300 1
814 3251 824 3317 l
850 3254 880 3302 17
900 3254 1035 3302 emicaret
1051 3267 1089 3302 w:
1107 3252 1150 3301 im·

185 3322 303 3370 micaret
319 3320 347 3369 1
370 3317 380 3384 ΙΙ
404 3323 435 3369 21
456 3321 490 3368 ad
509 3320 584 3372 belh'r
602 3322 625 3370 A
648 3319 658 3387 ΙΙ
685 3322 717 3369 22
736 3319 921 3384 hispaniarum
938 3320 961 3369 A
984 3316 995 3383 11
1019 3322 1053 3371 23
1071 3320 1149 3369 habe-

186 3389 256 3437 bant
273 3389 300 3435 1
328 3385 339 3453 ll
368 3390 401 3437 24
423 3388 531 3450 possint
548 3389 571 3438 A
588 3390 608 3437 B
627 3390 683 3437 cv
714 3385 724 3451 ΙΙ
753 3383 932 3453 acuentem]
957 3388 1120 3437 nostram!
1144 3386 1148 3447 ἰ

186 3459 305 3502 uestram
324 3451 438 3518 gloriam
456 3452 557 3519 Bertfl
579 3458 611 3506 27
631 3453 754 3505 adoleuit
771 3467 807 3503 w:
827 3453 951 3505 aboleuit
967 3454 995 3500 1
1016 3451 1027 3519 fl
1048 3455 1082 3505 28
1100 3454 1150 3520 pri·

186 3516 290 3583 mitias]
311 3521 467 3583 prouinciae
486 3521 519 3569 W
