<?xml version="1.0" encoding="UTF-8"?>
<!DOCTYPE html PUBLIC "-//W3C//DTD XHTML 1.0 Transitional//EN"
    "http://www.w3.org/TR/xhtml1/DTD/xhtml1-transitional.dtd">
<html xmlns="http://www.w3.org/1999/xhtml" xml:lang="en" lang="en">
 <head>
  <title>
</title>
<meta http-equiv="Content-Type" content="text/html;charset=utf-8" />
  <meta name='ocr-system' content='tesseract 3.04.00' />
  <meta name='ocr-capabilities' content='ocr_page ocr_carea ocr_par ocr_line ocrx_word'/>
</head>
<body>
  <div class='ocr_page' id='page_1' title='image "./xiipanegyricila01baehgoog_0255.png"; bbox 0 0 2406 4012; ppageno 0'>
   <div class='ocr_carea' id='block_1_1' title="bbox 137 216 776 280">
    <p class='ocr_par' dir='ltr' id='par_1_1' title="bbox 137 216 776 280">
     <span class='ocr_line' id='line_1_1' title="bbox 137 216 776 280; baseline -0.023 1"><span class='ocrx_word' id='word_1_1' title='bbox 137 217 223 280; x_wconf 78' lang='lat'><strong>222·</strong></span> <span class='ocrx_word' id='word_1_2' title='bbox 467 219 500 268; x_wconf 90' lang='lat' dir='ltr'><strong>x.</strong></span> <span class='ocrx_word' id='word_1_3' title='bbox 530 217 678 267; x_wconf 75' lang='lat' dir='ltr'><strong>uszsau</strong></span> <span class='ocrx_word' id='word_1_4' title='bbox 696 216 776 268; x_wconf 75' lang='lat' dir='ltr'><strong>aaa.</strong></span> 
     </span>
    </p>
   </div>
   <div class='ocr_carea' id='block_1_2' title="bbox 137 365 1115 702">
    <p class='ocr_par' dir='ltr' id='par_1_2' title="bbox 137 365 1115 702">
     <span class='ocr_line' id='line_1_2' title="bbox 137 365 1114 452; baseline 0.002 -21"><span class='ocrx_word' id='word_1_5' title='bbox 137 369 268 431; x_wconf 82' lang='lat' dir='ltr'><strong>fortuna</strong></span> <span class='ocrx_word' id='word_1_6' title='bbox 289 368 501 450; x_wconf 74' lang='lat' dir='ltr'><strong>promitteret.</strong></span> <span class='ocrx_word' id='word_1_7' title='bbox 544 366 634 448; x_wconf 92' lang='lat' dir='ltr'><strong>dolis,</strong></span> <span class='ocrx_word' id='word_1_8' title='bbox 658 367 760 448; x_wconf 85' lang='lat' dir='ltr'><strong>cred0‚</strong></span> <span class='ocrx_word' id='word_1_9' title='bbox 784 365 983 430; x_wconf 84' lang='lat' dir='ltr'><strong>existimauit</strong></span> <span class='ocrx_word' id='word_1_10' title='bbox 1005 367 1114 452; x_wconf 81' lang='lat' dir='ltr'><strong>decipi</strong></span> 
     </span>
     <span class='ocr_line' id='line_1_3' title="bbox 138 450 1111 536; baseline 0.001 -20"><span class='ocrx_word' id='word_1_11' title='bbox 138 474 240 536; x_wconf 90' lang='lat' dir='ltr'><strong>posse.</strong></span> <span class='ocrx_word' id='word_1_12' title='bbox 285 452 340 515; x_wconf 93' lang='lat' dir='ltr'><strong>sed</strong></span> <span class='ocrx_word' id='word_1_13' title='bbox 366 473 431 514; x_wconf 90' lang='lat' dir='ltr'><strong>non</strong></span> <span class='ocrx_word' id='word_1_14' title='bbox 465 452 566 514; x_wconf 90' lang='lat' dir='ltr'><strong>uirtus</strong></span> <span class='ocrx_word' id='word_1_15' title='bbox 595 454 652 514; x_wconf 88' lang='lat' dir='ltr'><strong>tua</strong></span> <span class='ocrx_word' id='word_1_16' title='bbox 681 450 719 514; x_wconf 87' lang='lat' dir='ltr'><strong>de</strong></span> <span class='ocrx_word' id='word_1_17' title='bbox 747 450 979 533; x_wconf 83' lang='lat' dir='ltr'><strong>congressione</strong></span> <span class='ocrx_word' id='word_1_18' title='bbox 1013 474 1111 536; x_wconf 86' lang='lat' dir='ltr'><strong>quam</strong></span> 
     </span>
     <span class='ocr_line' id='line_1_4' title="bbox 137 534 1113 620; baseline 0 -20"><span class='ocrx_word' id='word_1_19' title='bbox 137 536 308 620; x_wconf 86' lang='lat' dir='ltr'><strong>prudentia</strong></span> <span class='ocrx_word' id='word_1_20' title='bbox 329 539 377 598; x_wconf 88' lang='lat' dir='ltr'><strong>est</strong></span> <span class='ocrx_word' id='word_1_21' title='bbox 398 534 436 597; x_wconf 93' lang='lat' dir='ltr'><strong>de</strong></span> <span class='ocrx_word' id='word_1_22' title='bbox 449 534 564 598; x_wconf 85' lang='lat' dir='ltr'><strong>fraude</strong></span> <span class='ocrx_word' id='word_1_23' title='bbox 582 535 731 598; x_wconf 80' lang='lat' dir='ltr'><strong>securior.</strong></span> <span class='ocrx_word' id='word_1_24' title='bbox 758 535 828 617; x_wconf 91' lang='lat' dir='ltr'><strong>quis</strong></span> <span class='ocrx_word' id='word_1_25' title='bbox 850 534 938 598; x_wconf 90' lang='lat' dir='ltr'><strong>enim</strong></span> <span class='ocrx_word' id='word_1_26' title='bbox 962 534 1004 598; x_wconf 90' lang='lat' dir='ltr'><strong>ad</strong></span> <span class='ocrx_word' id='word_1_27' title='bbox 1045 558 1113 601; x_wconf 83' lang='lat' dir='ltr'><strong>rae·</strong></span> 
     </span>
     <span class='ocr_line' id='line_1_5' title="bbox 138 558 1115 702; baseline 0.001 -18"><span class='ocrx_word' id='word_1_28' title='bbox 138 620 339 684; x_wconf 88' lang='lat' dir='ltr'><strong>sentiendum</strong></span> <span class='ocrx_word' id='word_1_29' title='bbox 361 619 526 702; x_wconf 77' lang='lat' dir='ltr'><strong>sagacior?</strong></span> <span class='ocrx_word' id='word_1_30' title='bbox 550 619 620 702; x_wconf 90' lang='lat' dir='ltr'><strong>quis</strong></span> <span class='ocrx_word' id='word_1_31' title='bbox 642 618 830 702; x_wconf 84' lang='lat' dir='ltr'><strong>uigilantior</strong></span> <span class='ocrx_word' id='word_1_32' title='bbox 852 619 892 682; x_wconf 86' lang='lat' dir='ltr'><strong>ad</strong></span> <span class='ocrx_word' id='word_1_33' title='bbox 913 558 1115 685; x_wconf 65' lang='lat' dir='ltr'><strong>uitandum?</strong></span> 
     </span>
    </p>
   </div>
   <div class='ocr_carea' id='block_1_3' title="bbox 112 703 1112 1040">
    <p class='ocr_par' dir='ltr' id='par_1_3' title="bbox 112 703 1112 1040">
     <span class='ocr_line' id='line_1_6' title="bbox 112 703 1112 789; baseline 0.007 -26"><span class='ocrx_word' id='word_1_34' title='bbox 112 706 209 788; x_wconf 75' lang='lat' dir='ltr'><strong>aquis</strong></span> <span class='ocrx_word' id='word_1_35' title='bbox 242 704 476 786; x_wconf 88' lang='lat' dir='ltr'><strong>contemplatur</strong></span> <span class='ocrx_word' id='word_1_36' title='bbox 503 703 685 787; x_wconf 88' lang='lat' dir='ltr'><strong>praesentia</strong></span> <span class='ocrx_word' id='word_1_37' title='bbox 717 703 837 785; x_wconf 88' lang='lat' dir='ltr'><strong>acrius,</strong></span> <span class='ocrx_word' id='word_1_38' title='bbox 870 707 1010 768; x_wconf 84' lang='lat' dir='ltr'><strong>uentura</strong></span> <span class='ocrx_word' id='word_1_39' title='bbox 1040 727 1112 789; x_wconf 93' lang='lat' dir='ltr'><strong>pro-</strong></span> 
     </span>
     <span class='ocr_line' id='line_1_7' title="bbox 137 787 1111 872; baseline 0.006 -22"><span class='ocrx_word' id='word_1_40' title='bbox 137 789 242 870; x_wconf 84' lang='lat' dir='ltr'><strong>lixius,</strong></span> <span class='ocrx_word' id='word_1_41' title='bbox 266 788 417 872; x_wconf 89' lang='lat' dir='ltr'><strong>ambigua</strong></span> <span class='ocrx_word' id='word_1_42' title='bbox 440 791 567 869; x_wconf 87' lang='lat' dir='ltr'><strong>certius,</strong></span> <span class='ocrx_word' id='word_1_43' title='bbox 591 787 735 870; x_wconf 87' lang='lat' dir='ltr'><strong>captiosa</strong></span> <span class='ocrx_word' id='word_1_44' title='bbox 754 787 906 851; x_wconf 82' lang='lat' dir='ltr'><strong>felicius?</strong></span> <span class='ocrx_word' id='word_1_45' title='bbox 939 810 1009 853; x_wconf 92' lang='lat' dir='ltr'><strong>non</strong></span> <span class='ocrx_word' id='word_1_46' title='bbox 1033 789 1111 855; x_wconf 88' lang='lat' dir='ltr'><strong>hino</strong></span> 
     </span>
     <span class='ocr_line' id='line_1_8' title="bbox 136 871 1112 960; baseline 0.002 -24"><span class='ocrx_word' id='word_1_47' title='bbox 136 875 243 936; x_wconf 83' lang='lat' dir='ltr'><strong>tecum</strong></span> <span class='ocrx_word' id='word_1_48' title='bbox 264 871 411 955; x_wconf 85' lang='lat' dir='ltr'><strong>Lynceus</strong></span> <span class='ocrx_word' id='word_1_49' title='bbox 437 872 492 935; x_wconf 94' lang='lat' dir='ltr'><strong>ille</strong></span> <span class='ocrx_word' id='word_1_50' title='bbox 522 874 659 936; x_wconf 84' lang='lat' dir='ltr'><strong>certaret</strong></span> <span class='ocrx_word' id='word_1_51' title='bbox 686 875 755 955; x_wconf 90' lang='lat' dir='ltr'><strong>qui,</strong></span> <span class='ocrx_word' id='word_1_52' title='bbox 784 874 820 934; x_wconf 91' lang='lat' dir='ltr'><strong>ut</strong></span> <span class='ocrx_word' id='word_1_53' title='bbox 846 875 962 954; x_wconf 87' lang='lat' dir='ltr'><strong>poetae</strong></span> <span class='ocrx_word' id='word_1_54' title='bbox 986 873 1112 960; x_wconf 84' lang='lat' dir='ltr'><strong>ferunt,</strong></span> 
     </span>
     <span class='ocr_line' id='line_1_9' title="bbox 136 957 1110 1040; baseline 0.003 -21"><span class='ocrx_word' id='word_1_55' title='bbox 136 957 298 1040; x_wconf 85' lang='lat' dir='ltr'><strong>parietum</strong></span> <span class='ocrx_word' id='word_1_56' title='bbox 326 960 418 1040; x_wconf 92' lang='lat' dir='ltr'><strong>septa</strong></span> <span class='ocrx_word' id='word_1_57' title='bbox 446 959 478 1020; x_wconf 89' lang='lat' dir='ltr'><strong>et</strong></span> <span class='ocrx_word' id='word_1_58' title='bbox 500 957 650 1020; x_wconf 86' lang='lat' dir='ltr'><strong>arborum</strong></span> <span class='ocrx_word' id='word_1_59' title='bbox 671 959 802 1019; x_wconf 90' lang='lat' dir='ltr'><strong>truncos</strong></span> <span class='ocrx_word' id='word_1_60' title='bbox 829 957 901 1020; x_wconf 89' lang='lat' dir='ltr'><strong>uisu</strong></span> <span class='ocrx_word' id='word_1_61' title='bbox 922 957 1021 1021; x_wconf 89' lang='lat' dir='ltr'><strong>facile</strong></span> <span class='ocrx_word' id='word_1_62' title='bbox 1043 961 1110 1022; x_wconf 87' lang='lat' dir='ltr'><strong>tra·</strong></span> 
     </span>
    </p>
   </div>
   <div class='ocr_carea' id='block_1_4' title="bbox 96 1040 1111 2874">
    <p class='ocr_par' dir='ltr' id='par_1_4' title="bbox 96 1040 1111 2874">
     <span class='ocr_line' id='line_1_10' title="bbox 137 1040 1111 1124; baseline 0.002 -19"><span class='ocrx_word' id='word_1_63' title='bbox 137 1041 255 1105; x_wconf 89' lang='lat' dir='ltr'><strong>iciebat</strong></span> <span class='ocrx_word' id='word_1_64' title='bbox 284 1045 340 1104; x_wconf 85' lang='lat' dir='ltr'><strong>aut</strong></span> <span class='ocrx_word' id='word_1_65' title='bbox 368 1041 463 1104; x_wconf 88' lang='lat' dir='ltr'><strong>etiam</strong></span> <span class='ocrx_word' id='word_1_66' title='bbox 490 1040 544 1104; x_wconf 90' lang='lat' dir='ltr'><strong>ille</strong></span> <span class='ocrx_word' id='word_1_67' title='bbox 572 1061 664 1124; x_wconf 92' lang='lat' dir='ltr'><strong>quem</strong></span> <span class='ocrx_word' id='word_1_68' title='bbox 693 1040 803 1104; x_wconf 89' lang='lat' dir='ltr'><strong>eadem</strong></span> <span class='ocrx_word' id='word_1_69' title='bbox 832 1043 977 1104; x_wconf 83' lang='lat' dir='ltr'><strong>uetustas</strong></span> <span class='ocrx_word' id='word_1_70' title='bbox 999 1042 1111 1107; x_wconf 81' lang='lat' dir='ltr'><strong>locutu</strong></span> 
     </span>
     <span class='ocr_line' id='line_1_11' title="bbox 99 1124 1110 1209; baseline 0.008 -26"><span class='ocrx_word' id='word_1_71' title='bbox 99 1145 125 1184; x_wconf 77' lang='grc' dir='ltr'><strong>ιο</strong></span> <span class='ocrx_word' id='word_1_72' title='bbox 139 1129 196 1206; x_wconf 88' lang='lat' dir='ltr'><strong>est,</strong></span> <span class='ocrx_word' id='word_1_73' title='bbox 221 1147 292 1188; x_wconf 93' lang='lat' dir='ltr'><strong>cum</strong></span> <span class='ocrx_word' id='word_1_74' title='bbox 314 1126 348 1189; x_wconf 92' lang='lat' dir='ltr'><strong>in</strong></span> <span class='ocrx_word' id='word_1_75' title='bbox 364 1124 523 1190; x_wconf 82' lang='lat' dir='ltr'><strong>Siciliensi</strong></span> <span class='ocrx_word' id='word_1_76' title='bbox 545 1124 673 1207; x_wconf 89' lang='lat' dir='ltr'><strong>specula</strong></span> <span class='ocrx_word' id='word_1_77' title='bbox 695 1125 900 1206; x_wconf 88' lang='lat' dir='ltr'><strong>constitisset,</strong></span> <span class='ocrx_word' id='word_1_78' title='bbox 924 1127 1110 1209; x_wconf 83' lang='lat' dir='ltr'><strong>conspicari</strong></span> 
     </span>
     <span class='ocr_line' id='line_1_12' title="bbox 138 1209 1109 1292; baseline 0.004 -20"><span class='ocrx_word' id='word_1_79' title='bbox 138 1210 266 1273; x_wconf 90' lang='lat' dir='ltr'><strong>solitum</strong></span> <span class='ocrx_word' id='word_1_80' title='bbox 293 1231 392 1272; x_wconf 90' lang='lat' dir='ltr'><strong>naues</strong></span> <span class='ocrx_word' id='word_1_81' title='bbox 420 1231 499 1292; x_wconf 92' lang='lat' dir='ltr'><strong>quae</strong></span> <span class='ocrx_word' id='word_1_82' title='bbox 527 1209 657 1272; x_wconf 84' lang='lat' dir='ltr'><strong>Africae</strong></span> <span class='ocrx_word' id='word_1_83' title='bbox 684 1211 815 1292; x_wconf 87' lang='lat' dir='ltr'><strong>portum</strong></span> <span class='ocrx_word' id='word_1_84' title='bbox 843 1209 1005 1291; x_wconf 86' lang='lat' dir='ltr'><strong>subirent,</strong></span> <span class='ocrx_word' id='word_1_85' title='bbox 1036 1232 1109 1276; x_wconf 89' lang='lat' dir='ltr'><strong>cum</strong></span> 
     </span>
     <span class='ocr_line' id='line_1_13' title="bbox 136 1292 1108 1376; baseline 0.004 -21"><span class='ocrx_word' id='word_1_86' title='bbox 136 1295 339 1375; x_wconf 90' lang='lat' dir='ltr'><strong>prospectum</strong></span> <span class='ocrx_word' id='word_1_87' title='bbox 354 1292 493 1356; x_wconf 90' lang='lat' dir='ltr'><strong>hominis</strong></span> <span class='ocrx_word' id='word_1_88' title='bbox 513 1313 579 1355; x_wconf 87' lang='lat' dir='ltr'><strong>non</strong></span> <span class='ocrx_word' id='word_1_89' title='bbox 600 1314 654 1356; x_wconf 90' lang='lat' dir='ltr'><strong>aer</strong></span> <span class='ocrx_word' id='word_1_90' title='bbox 674 1293 792 1356; x_wconf 90' lang='lat' dir='ltr'><strong>offusus</strong></span> <span class='ocrx_word' id='word_1_91' title='bbox 805 1314 899 1376; x_wconf 89' lang='lat' dir='ltr'><strong>quem</strong></span> <span class='ocrx_word' id='word_1_92' title='bbox 916 1295 1108 1360; x_wconf 85' lang='lat' dir='ltr'><strong>crassiorem</strong></span> 
     </span>
     <span class='ocr_line' id='line_1_14' title="bbox 138 1375 1107 1456; baseline 0.003 -16"><span class='ocrx_word' id='word_1_93' title='bbox 138 1375 273 1440; x_wconf 84' lang='lat' dir='ltr'><strong>exalatio</strong></span> <span class='ocrx_word' id='word_1_94' title='bbox 301 1377 396 1439; x_wconf 86' lang='lat' dir='ltr'><strong>maris</strong></span> <span class='ocrx_word' id='word_1_95' title='bbox 418 1376 553 1456; x_wconf 88' lang='lat' dir='ltr'><strong>faceret,</strong></span> <span class='ocrx_word' id='word_1_96' title='bbox 581 1398 646 1440; x_wconf 92' lang='lat' dir='ltr'><strong>non</strong></span> <span class='ocrx_word' id='word_1_97' title='bbox 675 1380 768 1440; x_wconf 88' lang='lat' dir='ltr'><strong>tanta</strong></span> <span class='ocrx_word' id='word_1_98' title='bbox 795 1377 1032 1442; x_wconf 88' lang='lat' dir='ltr'><strong>disiunctarum</strong></span> <span class='ocrx_word' id='word_1_99' title='bbox 1061 1401 1107 1444; x_wconf 88' lang='lat' dir='ltr'><strong>re·</strong></span> 
     </span>
     <span class='ocr_line' id='line_1_15' title="bbox 137 1460 712 1545; baseline 0 -21"><span class='ocrx_word' id='word_1_100' title='bbox 137 1460 270 1545; x_wconf 88' lang='lat' dir='ltr'><strong>gionum</strong></span> <span class='ocrx_word' id='word_1_101' title='bbox 291 1460 511 1545; x_wconf 82' lang='lat' dir='ltr'><strong>longinquitas</strong></span> <span class='ocrx_word' id='word_1_102' title='bbox 533 1461 712 1544; x_wconf 92' lang='lat' dir='ltr'><strong>impediret.</strong></span> 
     </span>
     <span class='ocr_line' id='line_1_16' title="bbox 99 1544 1105 1629; baseline 0.007 -25"><span class='ocrx_word' id='word_1_103' title='bbox 99 1566 124 1605; x_wconf 79' lang='lat' dir='ltr'><strong>rs</strong></span> <span class='ocrx_word' id='word_1_104' title='bbox 200 1544 274 1610; x_wconf 88' lang='lat' dir='ltr'>XII.</span> <span class='ocrx_word' id='word_1_105' title='bbox 308 1544 388 1611; x_wconf 79' lang='lat' dir='ltr'><strong>Cum</strong></span> <span class='ocrx_word' id='word_1_106' title='bbox 411 1567 483 1629; x_wconf 90' lang='lat' dir='ltr'><strong>spes</strong></span> <span class='ocrx_word' id='word_1_107' title='bbox 505 1547 608 1609; x_wconf 90' lang='lat' dir='ltr'><strong>omnis</strong></span> <span class='ocrx_word' id='word_1_108' title='bbox 630 1546 747 1629; x_wconf 82' lang='lat' dir='ltr'><strong>frigere</strong></span> <span class='ocrx_word' id='word_1_109' title='bbox 770 1545 916 1609; x_wconf 89' lang='lat' dir='ltr'><strong>debuerit</strong></span> <span class='ocrx_word' id='word_1_110' title='bbox 939 1548 972 1609; x_wconf 88' lang='lat' dir='ltr'><strong>ct</strong></span> <span class='ocrx_word' id='word_1_111' title='bbox 994 1547 1105 1611; x_wconf 89' lang='lat' dir='ltr'><strong>uolun-</strong></span> 
     </span>
     <span class='ocr_line' id='line_1_17' title="bbox 136 1629 1107 1713; baseline 0.002 -20"><span class='ocrx_word' id='word_1_112' title='bbox 136 1632 187 1694; x_wconf 88' lang='lat' dir='ltr'><strong>tas</strong></span> <span class='ocrx_word' id='word_1_113' title='bbox 216 1630 407 1713; x_wconf 88' lang='lat' dir='ltr'><strong>pacificandi</strong></span> <span class='ocrx_word' id='word_1_114' title='bbox 439 1631 579 1694; x_wconf 91' lang='lat' dir='ltr'><strong>alienata</strong></span> <span class='ocrx_word' id='word_1_115' title='bbox 607 1629 664 1713; x_wconf 84' lang='lat' dir='ltr'><strong>sit,</strong></span> <span class='ocrx_word' id='word_1_116' title='bbox 698 1631 768 1713; x_wconf 89' lang='lat' dir='ltr'><strong>quis</strong></span> <span class='ocrx_word' id='word_1_117' title='bbox 797 1629 921 1693; x_wconf 86' lang='lat' dir='ltr'><strong>dubitet</strong></span> <span class='ocrx_word' id='word_1_118' title='bbox 949 1630 1107 1695; x_wconf 87' lang='lat' dir='ltr'><strong>diuinitus</strong></span> 
     </span>
     <span class='ocr_line' id='line_1_18' title="bbox 138 1714 1105 1798; baseline 0.002 -21"><span class='ocrx_word' id='word_1_119' title='bbox 138 1715 235 1778; x_wconf 86' lang='lat' dir='ltr'><strong>armis</strong></span> <span class='ocrx_word' id='word_1_120' title='bbox 251 1715 314 1778; x_wconf 91' lang='lat' dir='ltr'><strong>tuis</strong></span> <span class='ocrx_word' id='word_1_121' title='bbox 331 1714 481 1798; x_wconf 85' lang='lat' dir='ltr'><strong>deditum,</strong></span> <span class='ocrx_word' id='word_1_122' title='bbox 505 1736 575 1778; x_wconf 90' lang='lat' dir='ltr'><strong>cum</strong></span> <span class='ocrx_word' id='word_1_123' title='bbox 598 1736 635 1778; x_wconf 93' lang='lat' dir='ltr'><strong>eo</strong></span> <span class='ocrx_word' id='word_1_124' title='bbox 653 1714 831 1778; x_wconf 87' lang='lat' dir='ltr'><strong>dementiae</strong></span> <span class='ocrx_word' id='word_1_125' title='bbox 853 1714 1049 1796; x_wconf 87' lang='lat' dir='ltr'><strong>processerit</strong></span> <span class='ocrx_word' id='word_1_126' title='bbox 1070 1718 1105 1779; x_wconf 87' lang='lat' dir='ltr'><strong>ut</strong></span> 
     </span>
     <span class='ocr_line' id='line_1_19' title="bbox 136 1798 1103 1883; baseline 0.001 -21"><span class='ocrx_word' id='word_1_127' title='bbox 136 1799 221 1862; x_wconf 90' lang='lat' dir='ltr'><strong>ultro</strong></span> <span class='ocrx_word' id='word_1_128' title='bbox 245 1800 342 1862; x_wconf 91' lang='lat' dir='ltr'><strong>etiam</strong></span> <span class='ocrx_word' id='word_1_129' title='bbox 357 1799 527 1863; x_wconf 86' lang='lat' dir='ltr'><strong>lacesseret</strong></span> <span class='ocrx_word' id='word_1_130' title='bbox 541 1820 635 1882; x_wconf 91' lang='lat' dir='ltr'><strong>quem</strong></span> <span class='ocrx_word' id='word_1_131' title='bbox 658 1799 779 1862; x_wconf 89' lang='lat' dir='ltr'><strong>ambire</strong></span> <span class='ocrx_word' id='word_1_132' title='bbox 800 1798 951 1862; x_wconf 82' lang='lat' dir='ltr'><strong>deberet?</strong></span> <span class='ocrx_word' id='word_1_133' title='bbox 975 1820 1103 1883; x_wconf 84' lang='lat' dir='ltr'><strong>oquam</strong></span> 
     </span>
     <span class='ocr_line' id='line_1_20' title="bbox 138 1882 1104 1966; baseline 0.003 -22"><span class='ocrx_word' id='word_1_134' title='bbox 138 1903 226 1945; x_wconf 89' lang='lat' dir='ltr'><strong>acres</strong></span> <span class='ocrx_word' id='word_1_135' title='bbox 249 1882 392 1946; x_wconf 90' lang='lat' dir='ltr'><strong>dolorum</strong></span> <span class='ocrx_word' id='word_1_136' title='bbox 416 1883 542 1947; x_wconf 86' lang='lat' dir='ltr'><strong>aculeos</strong></span> <span class='ocrx_word' id='word_1_137' title='bbox 564 1883 674 1963; x_wconf 86' lang='lat' dir='ltr'><strong>habes,</strong></span> <span class='ocrx_word' id='word_1_138' title='bbox 702 1883 904 1964; x_wconf 81' lang='lat' dir='ltr'><strong>contumelia,</strong></span> <span class='ocrx_word' id='word_1_139' title='bbox 927 1904 1025 1966; x_wconf 84' lang='lat' dir='ltr'><strong>quam</strong></span> <span class='ocrx_word' id='word_1_140' title='bbox 1047 1885 1104 1947; x_wconf 93' lang='lat' dir='ltr'><strong>im·</strong></span> 
     </span>
     <span class='ocr_line' id='line_1_21' title="bbox 99 1965 1103 2052; baseline 0.006 -26"><span class='ocrx_word' id='word_1_141' title='bbox 99 1988 124 2026; x_wconf 84' lang='lat' dir='ltr'><strong>ao</strong></span> <span class='ocrx_word' id='word_1_142' title='bbox 136 1967 229 2048; x_wconf 90' lang='lat' dir='ltr'><strong>ponit</strong></span> <span class='ocrx_word' id='word_1_143' title='bbox 243 1965 390 2029; x_wconf 83' lang='lat' dir='ltr'><strong>inferior!</strong></span> <span class='ocrx_word' id='word_1_144' title='bbox 414 1988 487 2030; x_wconf 87' lang='lat' dir='ltr'><strong>ecoe</strong></span> <span class='ocrx_word' id='word_1_145' title='bbox 503 1968 598 2047; x_wconf 90' lang='lat' dir='ltr'><strong>enim,</strong></span> <span class='ocrx_word' id='word_1_146' title='bbox 622 1989 680 2050; x_wconf 90' lang='lat' dir='ltr'><strong>pro</strong></span> <span class='ocrx_word' id='word_1_147' title='bbox 696 1966 799 2031; x_wconf 87' lang='lat' dir='ltr'><strong>dolor!</strong></span> <span class='ocrx_word' id='word_1_148' title='bbox 824 1967 936 2052; x_wconf 89' lang='lat' dir='ltr'><strong>(uerba</strong></span> <span class='ocrx_word' id='word_1_149' title='bbox 959 1968 1014 2031; x_wconf 85' lang='lat' dir='ltr'><strong>uix</strong></span> <span class='ocrx_word' id='word_1_150' title='bbox 1032 1990 1103 2052; x_wconf 78' lang='lat' dir='ltr'><strong>sup</strong></span> 
     </span>
     <span class='ocr_line' id='line_1_22' title="bbox 136 2049 1103 2148; baseline 0.003 -36"><span class='ocrx_word' id='word_1_151' title='bbox 136 2049 276 2133; x_wconf 83' lang='lat' dir='ltr'><strong>petunt),</strong></span> <span class='ocrx_word' id='word_1_152' title='bbox 301 2049 553 2113; x_wconf 89' lang='lat' dir='ltr'><strong>uenerandarum</strong></span> <span class='ocrx_word' id='word_1_153' title='bbox 575 2051 755 2148; x_wconf 90' lang='lat' dir='ltr'><strong>imaginum</strong></span> <span class='ocrx_word' id='word_1_154' title='bbox 778 2052 890 2115; x_wconf 89' lang='lat' dir='ltr'><strong>acerba</strong></span> <span class='ocrx_word' id='word_1_155' title='bbox 911 2051 1050 2116; x_wconf 88' lang='lat' dir='ltr'><strong>deiectio</strong></span> <span class='ocrx_word' id='word_1_156' title='bbox 1072 2054 1103 2115; x_wconf 86' lang='lat' dir='ltr'><strong>et</strong></span> 
     </span>
     <span class='ocr_line' id='line_1_23' title="bbox 137 2132 1102 2219; baseline 0.006 -24"><span class='ocrx_word' id='word_1_157' title='bbox 137 2132 238 2196; x_wconf 91' lang='lat' dir='ltr'><strong>diuini</strong></span> <span class='ocrx_word' id='word_1_158' title='bbox 267 2133 373 2196; x_wconf 90' lang='lat' dir='ltr'><strong>uultus</strong></span> <span class='ocrx_word' id='word_1_159' title='bbox 400 2133 497 2198; x_wconf 87' lang='lat' dir='ltr'><strong>litura</strong></span> <span class='ocrx_word' id='word_1_160' title='bbox 525 2134 683 2199; x_wconf 81' lang='lat' dir='ltr'><strong>deformis.</strong></span> <span class='ocrx_word' id='word_1_161' title='bbox 729 2158 747 2199; x_wconf 95' lang='grc' dir='ltr'><strong>ο</strong></span> <span class='ocrx_word' id='word_1_162' title='bbox 775 2157 889 2199; x_wconf 83' lang='lat' dir='ltr'><strong>manus</strong></span> <span class='ocrx_word' id='word_1_163' title='bbox 917 2136 1054 2219; x_wconf 82' lang='lat' dir='ltr'><strong>impiae!</strong></span> <span class='ocrx_word' id='word_1_164' title='bbox 1084 2157 1102 2200; x_wconf 94' lang='lat' dir='ltr'><strong>o</strong></span> 
     </span>
     <span class='ocr_line' id='line_1_24' title="bbox 135 2218 1102 2304; baseline 0 -21"><span class='ocrx_word' id='word_1_165' title='bbox 135 2222 242 2283; x_wconf 85' lang='lat' dir='ltr'><strong>truces</strong></span> <span class='ocrx_word' id='word_1_166' title='bbox 264 2218 362 2282; x_wconf 88' lang='lat' dir='ltr'><strong>oculi!</strong></span> <span class='ocrx_word' id='word_1_167' title='bbox 385 2218 431 2281; x_wconf 91' lang='lat' dir='ltr'><strong>ita</strong></span> <span class='ocrx_word' id='word_1_168' title='bbox 451 2241 517 2282; x_wconf 91' lang='lat' dir='ltr'><strong>non</strong></span> <span class='ocrx_word' id='word_1_169' title='bbox 534 2219 719 2303; x_wconf 81' lang='lat' dir='ltr'><strong>caligastis?</strong></span> <span class='ocrx_word' id='word_1_170' title='bbox 740 2220 775 2283; x_wconf 92' lang='lat' dir='ltr'><strong>in</strong></span> <span class='ocrx_word' id='word_1_171' title='bbox 790 2242 851 2304; x_wconf 92' lang='lat' dir='ltr'><strong>quo</strong></span> <span class='ocrx_word' id='word_1_172' title='bbox 865 2220 977 2284; x_wconf 91' lang='lat' dir='ltr'><strong>lumen</strong></span> <span class='ocrx_word' id='word_1_173' title='bbox 991 2220 1102 2284; x_wconf 89' lang='lat' dir='ltr'><strong>mundi</strong></span> 
     </span>
     <span class='ocr_line' id='line_1_25' title="bbox 137 2303 1101 2387; baseline 0.001 -21"><span class='ocrx_word' id='word_1_174' title='bbox 137 2303 356 2366; x_wconf 86' lang='lat' dir='ltr'><strong>obscurabatis</strong></span> <span class='ocrx_word' id='word_1_175' title='bbox 363 2352 372 2386; x_wconf 80' lang='lat'><em>,</em></span> <span class='ocrx_word' id='word_1_176' title='bbox 400 2304 529 2367; x_wconf 91' lang='lat' dir='ltr'><strong>meritas</strong></span> <span class='ocrx_word' id='word_1_177' title='bbox 555 2304 617 2387; x_wconf 90' lang='lat' dir='ltr'><strong>ipsi</strong></span> <span class='ocrx_word' id='word_1_178' title='bbox 640 2305 788 2368; x_wconf 89' lang='lat' dir='ltr'><strong>tenebras</strong></span> <span class='ocrx_word' id='word_1_179' title='bbox 816 2326 882 2368; x_wconf 90' lang='lat' dir='ltr'><strong>non</strong></span> <span class='ocrx_word' id='word_1_180' title='bbox 905 2303 1101 2369; x_wconf 77' lang='lat' dir='ltr'><strong>imbibistis?</strong></span> 
     </span>
     <span class='ocr_line' id='line_1_26' title="bbox 98 2388 1101 2472; baseline 0.005 -24"><span class='ocrx_word' id='word_1_181' title='bbox 98 2409 123 2448; x_wconf 75' lang='lat' dir='ltr'><strong>aa</strong></span> <span class='ocrx_word' id='word_1_182' title='bbox 137 2409 335 2452; x_wconf 89' lang='lat' dir='ltr'><strong>commouere</strong></span> <span class='ocrx_word' id='word_1_183' title='bbox 350 2389 489 2470; x_wconf 87' lang='lat' dir='ltr'><strong>tandem,</strong></span> <span class='ocrx_word' id='word_1_184' title='bbox 508 2389 634 2453; x_wconf 88' lang='lat' dir='ltr'><strong>conscia</strong></span> <span class='ocrx_word' id='word_1_185' title='bbox 649 2388 761 2471; x_wconf 83' lang='lat' dir='ltr'><strong>uirtus,</strong></span> <span class='ocrx_word' id='word_1_186' title='bbox 784 2410 844 2452; x_wconf 87' lang='lat' dir='ltr'><strong>nec</strong></span> <span class='ocrx_word' id='word_1_187' title='bbox 858 2389 1028 2472; x_wconf 84' lang='lat' dir='ltr'><strong>permittas</strong></span> <span class='ocrx_word' id='word_1_188' title='bbox 1044 2388 1101 2453; x_wconf 85' lang='lat' dir='ltr'><strong>hoc</strong></span> 
     </span>
     <span class='ocr_line' id='line_1_27' title="bbox 135 2471 1100 2555; baseline 0 -19"><span class='ocrx_word' id='word_1_189' title='bbox 135 2472 235 2536; x_wconf 89' lang='lat' dir='ltr'><strong>furori</strong></span> <span class='ocrx_word' id='word_1_190' title='bbox 259 2473 308 2536; x_wconf 87' lang='lat' dir='ltr'><strong>eui</strong></span> <span class='ocrx_word' id='word_1_191' title='bbox 331 2473 422 2536; x_wconf 89' lang='lat' dir='ltr'><strong>dete</strong></span> <span class='ocrx_word' id='word_1_192' title='bbox 445 2473 531 2537; x_wconf 88' lang='lat' dir='ltr'><strong>aliud</strong></span> <span class='ocrx_word' id='word_1_193' title='bbox 552 2494 618 2537; x_wconf 95' lang='lat' dir='ltr'><strong>non</strong></span> <span class='ocrx_word' id='word_1_194' title='bbox 640 2473 766 2537; x_wconf 89' lang='lat' dir='ltr'><strong>licebat.</strong></span> <span class='ocrx_word' id='word_1_195' title='bbox 794 2472 849 2536; x_wconf 90' lang='lat' dir='ltr'><strong>sed</strong></span> <span class='ocrx_word' id='word_1_196' title='bbox 872 2471 947 2555; x_wconf 90' lang='lat' dir='ltr'><strong>quid</strong></span> <span class='ocrx_word' id='word_1_197' title='bbox 970 2473 1100 2537; x_wconf 84' lang='lat' dir='ltr'><strong>tandem</strong></span> 
     </span>
     <span class='ocr_line' id='line_1_28' title="bbox 135 2555 1101 2639; baseline 0.001 -19"><span class='ocrx_word' id='word_1_198' title='bbox 135 2557 327 2639; x_wconf 80' lang='lat' dir='ltr'><strong>assequeris,</strong></span> <span class='ocrx_word' id='word_1_199' title='bbox 352 2578 446 2622; x_wconf 85' lang='lat' dir='ltr'><strong>caeca</strong></span> <span class='ocrx_word' id='word_1_200' title='bbox 468 2557 652 2621; x_wconf 90' lang='lat' dir='ltr'><strong>dementia?</strong></span> <span class='ocrx_word' id='word_1_201' title='bbox 687 2556 807 2620; x_wconf 87' lang='lat' dir='ltr'><strong>aboleri</strong></span> <span class='ocrx_word' id='word_1_202' title='bbox 829 2557 936 2619; x_wconf 90' lang='lat' dir='ltr'><strong>uultus</strong></span> <span class='ocrx_word' id='word_1_203' title='bbox 959 2555 1101 2621; x_wconf 90' lang='lat' dir='ltr'><strong>hicnon</strong></span> 
     </span>
     <span class='ocr_line' id='line_1_29' title="bbox 134 2641 1099 2723; baseline 0.001 -20"><span class='ocrx_word' id='word_1_204' title='bbox 134 2642 248 2721; x_wconf 87' lang='lat' dir='ltr'><strong>potest.</strong></span> <span class='ocrx_word' id='word_1_205' title='bbox 280 2641 499 2703; x_wconf 89' lang='lat' dir='ltr'><strong>uniuersorum</strong></span> <span class='ocrx_word' id='word_1_206' title='bbox 520 2642 702 2723; x_wconf 87' lang='lat' dir='ltr'><strong>pectoribus</strong></span> <span class='ocrx_word' id='word_1_207' title='bbox 724 2641 841 2704; x_wconf 86' lang='lat' dir='ltr'><strong>infixus</strong></span> <span class='ocrx_word' id='word_1_208' title='bbox 864 2643 997 2705; x_wconf 90' lang='lat' dir='ltr'><strong>estnec</strong></span> <span class='ocrx_word' id='word_1_209' title='bbox 1019 2662 1099 2705; x_wconf 83' lang='lat' dir='ltr'><strong>com</strong></span> 
     </span>
     <span class='ocr_line' id='line_1_30' title="bbox 134 2721 1099 2808; baseline 0.003 -23"><span class='ocrx_word' id='word_1_210' title='bbox 134 2721 338 2785; x_wconf 80' lang='lat' dir='ltr'><strong>mandatione</strong></span> <span class='ocrx_word' id='word_1_211' title='bbox 361 2743 450 2785; x_wconf 88' lang='lat' dir='ltr'><strong>cerae</strong></span> <span class='ocrx_word' id='word_1_212' title='bbox 473 2746 510 2787; x_wconf 86' lang='lat' dir='ltr'><strong>ao</strong></span> <span class='ocrx_word' id='word_1_213' title='bbox 532 2725 768 2807; x_wconf 90' lang='lat' dir='ltr'><strong>pigmentorum</strong></span> <span class='ocrx_word' id='word_1_214' title='bbox 788 2724 871 2789; x_wconf 88' lang='lat' dir='ltr'><strong>fucis</strong></span> <span class='ocrx_word' id='word_1_215' title='bbox 893 2725 1025 2808; x_wconf 86' lang='lat' dir='ltr'><strong>renitet,</strong></span> <span class='ocrx_word' id='word_1_216' title='bbox 1046 2723 1099 2789; x_wconf 85' lang='lat' dir='ltr'><strong>sed</strong></span> 
     </span>
     <span class='ocr_line' id='line_1_31' title="bbox 96 2803 1099 2874; baseline 0.004 -6"><span class='ocrx_word' id='word_1_217' title='bbox 96 2827 122 2868; x_wconf 82' lang='lat' dir='ltr'><strong>ao</strong></span> <span class='ocrx_word' id='word_1_218' title='bbox 136 2803 291 2869; x_wconf 90' lang='lat' dir='ltr'><strong>desiderio</strong></span> <span class='ocrx_word' id='word_1_219' title='bbox 326 2804 495 2870; x_wconf 88' lang='lat' dir='ltr'><strong>efflorescit</strong></span> <span class='ocrx_word' id='word_1_220' title='bbox 528 2809 717 2874; x_wconf 87' lang='lat' dir='ltr'><strong>animorum.</strong></span> <span class='ocrx_word' id='word_1_221' title='bbox 763 2831 827 2873; x_wconf 85' lang='lat' dir='ltr'><strong>una</strong></span> <span class='ocrx_word' id='word_1_222' title='bbox 860 2809 989 2872; x_wconf 90' lang='lat' dir='ltr'><strong>demum</strong></span> <span class='ocrx_word' id='word_1_223' title='bbox 1018 2808 1099 2874; x_wconf 83' lang='lat' dir='ltr'><strong>Con·</strong></span> 
     </span>
    </p>
   </div>
   <div class='ocr_carea' id='block_1_5' title="bbox 136 2889 1099 2978">
    <p class='ocr_par' dir='ltr' id='par_1_5' title="bbox 136 2889 1099 2978">
     <span class='ocr_line' id='line_1_32' title="bbox 136 2889 1099 2978; baseline 0.002 -24"><span class='ocrx_word' id='word_1_224' title='bbox 136 2889 272 2954; x_wconf 85' lang='lat' dir='ltr'><strong>stantini</strong></span> <span class='ocrx_word' id='word_1_225' title='bbox 300 2889 417 2953; x_wconf 93' lang='lat' dir='ltr'><strong>obliuio</strong></span> <span class='ocrx_word' id='word_1_226' title='bbox 445 2894 495 2955; x_wconf 89' lang='lat' dir='ltr'><strong>est</strong></span> <span class='ocrx_word' id='word_1_227' title='bbox 520 2891 652 2956; x_wconf 89' lang='lat' dir='ltr'><strong>humani</strong></span> <span class='ocrx_word' id='word_1_228' title='bbox 674 2895 801 2978; x_wconf 89' lang='lat' dir='ltr'><strong>generis</strong></span> <span class='ocrx_word' id='word_1_229' title='bbox 830 2914 971 2957; x_wconf 89' lang='lat' dir='ltr'><strong>occasus.</strong></span> <span class='ocrx_word' id='word_1_230' title='bbox 1016 2913 1099 2958; x_wconf 87' lang='lat' dir='ltr'><strong>nunc</strong></span> 
     </span>
    </p>
   </div>
   <div class='ocr_carea' id='block_1_6' title="bbox 131 3128 1100 3598">
    <p class='ocr_par' dir='ltr' id='par_1_6' title="bbox 131 3128 1100 3598">
     <span class='ocr_line' id='line_1_33' title="bbox 203 3128 1100 3198; baseline -0.001 -18"><span class='ocrx_word' id='word_1_231' title='bbox 203 3133 316 3181; x_wconf 83' lang='lat' dir='ltr'><strong>lmalr&#39;m</strong></span> <span class='ocrx_word' id='word_1_232' title='bbox 334 3135 362 3181; x_wconf 87' lang='lat' dir='ltr'><strong>te</strong></span> <span class='ocrx_word' id='word_1_233' title='bbox 380 3130 471 3196; x_wconf 89' lang='lat' dir='ltr'><strong>decipi</strong></span> <span class='ocrx_word' id='word_1_234' title='bbox 500 3130 510 3198; x_wconf 91' lang='lat' dir='ltr'><strong>l</strong></span> <span class='ocrx_word' id='word_1_235' title='bbox 538 3132 555 3181; x_wconf 85' lang='grc'>4</span> <span class='ocrx_word' id='word_1_236' title='bbox 577 3130 718 3181; x_wconf 88' lang='lat' dir='ltr'><strong>uitandum</strong></span> <span class='ocrx_word' id='word_1_237' title='bbox 740 3133 848 3195; x_wconf 81' lang='lat' dir='ltr'><strong>scripsi:</strong></span> <span class='ocrx_word' id='word_1_238' title='bbox 871 3130 1021 3181; x_wconf 88' lang='lat' dir='ltr'><strong>uidendum</strong></span> <span class='ocrx_word' id='word_1_239' title='bbox 1037 3132 1066 3179; x_wconf 85' lang='lat'>1</span> <span class='ocrx_word' id='word_1_240' title='bbox 1090 3128 1100 3195; x_wconf 87' lang='grc'><strong>11</strong></span> 
     </span>
     <span class='ocr_line' id='line_1_34' title="bbox 134 3196 1099 3264; baseline -0.002 -15"><span class='ocrx_word' id='word_1_241' title='bbox 134 3201 150 3250; x_wconf 81' lang='lat'><strong>5</strong></span> <span class='ocrx_word' id='word_1_242' title='bbox 168 3197 369 3264; x_wconf 86' lang='lat' dir='ltr'><strong>contempletur</strong></span> <span class='ocrx_word' id='word_1_243' title='bbox 386 3198 413 3244; x_wconf 75' lang='lat' dir='ltr'>H</span> <span class='ocrx_word' id='word_1_244' title='bbox 434 3196 444 3264; x_wconf 96' lang='grc'><strong>11</strong></span> <span class='ocrx_word' id='word_1_245' title='bbox 465 3201 480 3248; x_wconf 78' lang='grc' dir='ltr'>ἵ</span> <span class='ocrx_word' id='word_1_246' title='bbox 498 3199 621 3249; x_wconf 88' lang='lat' dir='ltr'><strong>lincheus</strong></span> <span class='ocrx_word' id='word_1_247' title='bbox 638 3200 665 3246; x_wconf 76' lang='grc' dir='ltr'><strong>Μ</strong></span> <span class='ocrx_word' id='word_1_248' title='bbox 686 3197 696 3263; x_wconf 90' lang='grc'>1</span> <span class='ocrx_word' id='word_1_249' title='bbox 718 3200 749 3247; x_wconf 78' lang='lat'><strong>12</strong></span> <span class='ocrx_word' id='word_1_250' title='bbox 768 3199 870 3248; x_wconf 82' lang='lat' dir='ltr'><strong>effusus</strong></span> <span class='ocrx_word' id='word_1_251' title='bbox 887 3200 923 3261; x_wconf 74' lang='lat' dir='ltr'><strong>li,</strong></span> <span class='ocrx_word' id='word_1_252' title='bbox 940 3214 1010 3252; x_wconf 82' lang='lat' dir='ltr'><strong>corr.</strong></span> <span class='ocrx_word' id='word_1_253' title='bbox 1027 3198 1099 3249; x_wconf 72' lang='lat' dir='ltr'><strong>Liad—</strong></span> 
     </span>
     <span class='ocr_line' id='line_1_35' title="bbox 133 3264 1098 3332; baseline -0.003 -15"><span class='ocrx_word' id='word_1_254' title='bbox 133 3270 205 3317; x_wconf 83' lang='lat' dir='ltr'><strong>neius</strong></span> <span class='ocrx_word' id='word_1_255' title='bbox 228 3265 238 3331; x_wconf 93' lang='lat' dir='ltr'><strong>l</strong></span> <span class='ocrx_word' id='word_1_256' title='bbox 264 3269 295 3317; x_wconf 89' lang='grc'><strong>13</strong></span> <span class='ocrx_word' id='word_1_257' title='bbox 314 3265 444 3316; x_wconf 82' lang='lat' dir='ltr'><strong>exaltatio</strong></span> <span class='ocrx_word' id='word_1_258' title='bbox 463 3264 515 3330; x_wconf 72' lang='lat' dir='ltr'><strong>W!</strong></span> <span class='ocrx_word' id='word_1_259' title='bbox 534 3271 613 3316; x_wconf 86' lang='lat' dir='ltr'><strong>tanta</strong></span> <span class='ocrx_word' id='word_1_260' title='bbox 632 3280 660 3332; x_wconf 72' lang='lat' dir='ltr'><strong>g:</strong></span> <span class='ocrx_word' id='word_1_261' title='bbox 679 3272 785 3315; x_wconf 85' lang='lat' dir='ltr'><strong>tantum</strong></span> <span class='ocrx_word' id='word_1_262' title='bbox 802 3266 830 3313; x_wconf 73' lang='grc' dir='ltr'><strong>Η</strong></span> <span class='ocrx_word' id='word_1_263' title='bbox 848 3271 905 3315; x_wconf 84' lang='lat' dir='ltr'><strong>tam</strong></span> <span class='ocrx_word' id='word_1_264' title='bbox 922 3265 1009 3317; x_wconf 75' lang='lat' dir='ltr'><strong>Liuia.</strong></span> <span class='ocrx_word' id='word_1_265' title='bbox 1034 3264 1045 3330; x_wconf 90' lang='grc'>1</span> <span class='ocrx_word' id='word_1_266' title='bbox 1070 3266 1098 3315; x_wconf 77' lang='lat' dir='ltr'><strong>lt</strong></span> 
     </span>
     <span class='ocr_line' id='line_1_36' title="bbox 134 3330 1100 3397; baseline -0.001 -14"><span class='ocrx_word' id='word_1_267' title='bbox 134 3334 272 3385; x_wconf 86' lang='lat' dir='ltr'><strong>dementia</strong></span> <span class='ocrx_word' id='word_1_268' title='bbox 290 3335 312 3382; x_wconf 76' lang='lat' dir='ltr'>A</span> <span class='ocrx_word' id='word_1_269' title='bbox 329 3334 349 3381; x_wconf 85' lang='lat' dir='ltr'>B</span> <span class='ocrx_word' id='word_1_270' title='bbox 368 3333 424 3380; x_wconf 77' lang='lat' dir='ltr'><strong>GV</strong></span> <span class='ocrx_word' id='word_1_271' title='bbox 448 3330 459 3397; x_wconf 89' lang='grc'>1</span> <span class='ocrx_word' id='word_1_272' title='bbox 484 3335 515 3383; x_wconf 88' lang='lat'><strong>18</strong></span> <span class='ocrx_word' id='word_1_273' title='bbox 533 3334 614 3384; x_wconf 82' lang='lat' dir='ltr'><strong>etiam</strong></span> <span class='ocrx_word' id='word_1_274' title='bbox 632 3336 681 3384; x_wconf 85' lang='lat' dir='ltr'><strong>del.</strong></span> <span class='ocrx_word' id='word_1_275' title='bbox 700 3347 725 3382; x_wconf 78' lang='lat' dir='ltr'>v</span> <span class='ocrx_word' id='word_1_276' title='bbox 754 3330 764 3396; x_wconf 89' lang='lat' dir='ltr'><strong>l</strong></span> <span class='ocrx_word' id='word_1_277' title='bbox 794 3335 826 3383; x_wconf 81' lang='lat'><strong>19</strong></span> <span class='ocrx_word' id='word_1_278' title='bbox 843 3334 930 3382; x_wconf 83' lang='lat' dir='ltr'><strong>hebet</strong></span> <span class='ocrx_word' id='word_1_279' title='bbox 946 3333 970 3382; x_wconf 68' lang='grc' dir='ltr'><strong>-Ῡ</strong></span> <span class='ocrx_word' id='word_1_280' title='bbox 990 3333 995 3397; x_wconf 96' lang='grc'>1</span> <span class='ocrx_word' id='word_1_281' title='bbox 1014 3332 1100 3383; x_wconf 83' lang='lat' dir='ltr'><strong>habes</strong></span> 
     </span>
     <span class='ocr_line' id='line_1_37' title="bbox 131 3397 1100 3465; baseline 0 -15"><span class='ocrx_word' id='word_1_282' title='bbox 131 3408 191 3462; x_wconf 81' lang='lat' dir='ltr'><strong>post</strong></span> <span class='ocrx_word' id='word_1_283' title='bbox 210 3402 323 3451; x_wconf 84' lang='lat' dir='ltr'><strong>aculeos</strong></span> <span class='ocrx_word' id='word_1_284' title='bbox 340 3402 363 3449; x_wconf 76' lang='lat' dir='ltr'>A</span> <span class='ocrx_word' id='word_1_285' title='bbox 380 3400 463 3461; x_wconf 73' lang='lat' dir='ltr'><strong>Hert,</strong></span> <span class='ocrx_word' id='word_1_286' title='bbox 480 3409 540 3464; x_wconf 78' lang='lat' dir='ltr'><strong>post</strong></span> <span class='ocrx_word' id='word_1_287' title='bbox 557 3401 641 3452; x_wconf 82' lang='lat' dir='ltr'><strong>habes</strong></span> <span class='ocrx_word' id='word_1_288' title='bbox 659 3401 679 3448; x_wconf 85' lang='lat' dir='ltr'>B</span> <span class='ocrx_word' id='word_1_289' title='bbox 691 3402 709 3448; x_wconf 81' lang='lat'><strong>0</strong></span> <span class='ocrx_word' id='word_1_290' title='bbox 721 3401 744 3447; x_wconf 79' lang='lat' dir='ltr'>V</span> <span class='ocrx_word' id='word_1_291' title='bbox 755 3401 787 3449; x_wconf 85' lang='lat' dir='ltr'>W</span> <span class='ocrx_word' id='word_1_292' title='bbox 804 3408 901 3465; x_wconf 80' lang='lat' dir='ltr'><strong>ponunt</strong></span> <span class='ocrx_word' id='word_1_293' title='bbox 917 3397 929 3464; x_wconf 89' lang='grc'>1</span> <span class='ocrx_word' id='word_1_294' title='bbox 949 3402 982 3451; x_wconf 79' lang='lat'><strong>21</strong></span> <span class='ocrx_word' id='word_1_295' title='bbox 1001 3399 1100 3451; x_wconf 71' lang='lat' dir='ltr'><strong>acerbo</strong></span> 
     </span>
     <span class='ocr_line' id='line_1_38' title="bbox 134 3462 1097 3534; baseline 0.002 -19"><span class='ocrx_word' id='word_1_296' title='bbox 134 3480 171 3514; x_wconf 83' lang='lat' dir='ltr'><strong>w:</strong></span> <span class='ocrx_word' id='word_1_297' title='bbox 190 3482 290 3516; x_wconf 83' lang='lat' dir='ltr'><strong>aceras</strong></span> <span class='ocrx_word' id='word_1_298' title='bbox 307 3470 334 3515; x_wconf 80' lang='grc' dir='ltr'>Ι</span> <span class='ocrx_word' id='word_1_299' title='bbox 358 3466 368 3531; x_wconf 96' lang='grc'><strong>11</strong></span> <span class='ocrx_word' id='word_1_300' title='bbox 391 3469 424 3516; x_wconf 78' lang='lat'><strong>27</strong></span> <span class='ocrx_word' id='word_1_301' title='bbox 442 3467 487 3516; x_wconf 87' lang='lat' dir='ltr'><strong>hic</strong></span> <span class='ocrx_word' id='word_1_302' title='bbox 505 3467 599 3519; x_wconf 86' lang='lat' dir='ltr'><strong>uultus</strong></span> <span class='ocrx_word' id='word_1_303' title='bbox 617 3470 634 3518; x_wconf 77' lang='lat'><strong>0</strong></span> <span class='ocrx_word' id='word_1_304' title='bbox 655 3466 665 3533; x_wconf 96' lang='grc'><strong>11</strong></span> <span class='ocrx_word' id='word_1_305' title='bbox 688 3471 721 3518; x_wconf 80' lang='lat'><strong>29</strong></span> <span class='ocrx_word' id='word_1_306' title='bbox 740 3465 785 3534; x_wconf 82' lang='lat' dir='ltr'><strong>ec]</strong></span> <span class='ocrx_word' id='word_1_307' title='bbox 807 3473 856 3518; x_wconf 85' lang='lat' dir='ltr'><strong>aut</strong></span> <span class='ocrx_word' id='word_1_308' title='bbox 874 3469 934 3519; x_wconf 81' lang='lat' dir='ltr'><strong>edd.</strong></span> <span class='ocrx_word' id='word_1_309' title='bbox 955 3464 967 3533; x_wconf 91' lang='grc'>1</span> <span class='ocrx_word' id='word_1_310' title='bbox 991 3471 1023 3519; x_wconf 83' lang='grc'><strong>31</strong></span> <span class='ocrx_word' id='word_1_311' title='bbox 1043 3462 1097 3531; x_wconf 83' lang='lat' dir='ltr'><strong>est]</strong></span> 
     </span>
     <span class='ocr_line' id='line_1_39' title="bbox 134 3534 435 3598; baseline 0.003 -15"><span class='ocrx_word' id='word_1_312' title='bbox 134 3538 209 3584; x_wconf 80' lang='lat' dir='ltr'><strong>osset</strong></span> <span class='ocrx_word' id='word_1_313' title='bbox 226 3534 435 3598; x_wconf 72' lang='lat' dir='ltr'><strong>Eyssenhardtus</strong></span> 
     </span>
    </p>
   </div>
   <div class='ocr_carea' id='block_1_7' title="bbox 0 0 1208 4012">
    <p class='ocr_par' dir='ltr' id='par_1_7' title="bbox 0 0 1208 4012">
     <span class='ocr_line' id='line_1_40' title="bbox 0 0 1208 4012; baseline 0 6"><span class='ocrx_word' id='word_1_314' title='bbox 0 0 1208 4012; x_wconf 95' lang='lat' dir='ltr'><strong> </strong></span> 
     </span>
    </p>
   </div>
  </div>
 </body>
</html>
