2406 4012
229 108 443 160 GRATIARUM
461 110 570 161 ACTIO
588 110 753 163 IULIANO.
776 114 852 163 e-4.
960 111 1023 176 247

120 257 178 325 IV.
235 258 495 323 Florentissimas
530 258 688 342 quondam
723 260 1024 345 antiquissimasque

54 348 153 411 urbes
169 343 299 407 barbari
317 344 541 427 possidebant3
564 365 659 426 porro
683 344 764 408 aliae
786 364 865 428 quas
888 368 907 408 a
928 347 1024 409 uasti·

53 434 123 495 tate
139 428 306 493 barbarica
320 432 477 491 terrarum
495 428 666 493 interualla
680 429 871 493 distulerant
885 430 1025 494 iudicum

55 515 188 581 nomine
210 535 229 576 a
249 511 381 576 nefariis
402 512 579 576 latronibus
601 514 837 595 optinebantur.
862 513 1025 578 Gallorum

56 601 114 665 illa
142 597 304 663 celebrata
331 597 482 660 nobilitas
511 600 566 660 aut
590 596 675 660 ferro
704 598 864 662 occiderat
891 603 946 662 aut
968 600 1051 663 im·5

55 683 190 749 mitibus
212 681 339 745 addicta
361 681 498 745 dominis
521 681 689 745 seruiebat.
734 684 956 765 efficiebantur
978 686 1025 747 in-

56 790 168 855 genua
189 766 331 849 indignis
350 766 543 829 cruciatibus
567 786 713 848 corpora3
736 788 830 830 nemo
853 769 892 831 ab
907 769 1026 831 iniuria

55 854 152 931 liber,
175 872 269 915 nemo
291 850 432 913 intactus
453 873 472 913 a
495 849 702 931 contumelia,
731 851 794 913 nisi
816 852 870 933 qui
894 853 1025 915 crudeli-

55 942 158 1003 tatem
185 934 354 1017 praedonis
381 936 485 1017 pretio
514 934 708 1017 mitigasset,
742 938 779 998 ut
807 935 871 998 iam
897 936 1027 999 barbari

56 1020 313 1086 desiderarentur
334 1022 431 1102 utque
446 1022 689 1101 praeoptaretur
712 1040 731 1082 a
752 1020 876 1083 miseris
895 1020 1027 1083 fortuna
1041 1042 1066 1081 ro

55 1109 236 1190 captorum.
281 1103 316 1166 in
345 1104 406 1167 hoo
441 1106 527 1166 statu
560 1104 733 1186 imperator
767 1108 876 1168 noster
904 1104 1026 1169 Gallias

55 1193 174 1255 nactus
195 1188 364 1251 minimum
386 1186 499 1250 habuit
523 1188 673 1251 aduersus
690 1187 814 1252 hostem
837 1189 957 1253 laboris
980 1194 1027 1254 at

55 1296 120 1359 que
143 1272 354 1337 discriminis:
377 1294 442 1335 una
464 1272 532 1335 acie
555 1272 727 1337 Germania
750 1275 900 1338 uniuersa
923 1274 1027 1338 deleta

55 1362 125 1441 est,
148 1379 213 1421 uno
234 1356 355 1439 proelio
378 1355 582 1420 debellatum.
626 1357 680 1420 sed
704 1358 881 1422 emendatio
903 1380 1027 1422 morum

56 1442 309 1523 iudiciorumque
336 1441 491 1504 correctio
520 1445 553 1503 et
575 1441 706 1505 difficile
729 1442 890 1505 luctamen
919 1447 951 1505 et
973 1465 1026 1524 pe·
1042 1462 1066 1502 15

56 1526 153 1592 riculi
181 1524 311 1609 plenum
339 1525 503 1609 negotium
526 1525 597 1591 fuit.
641 1546 717 1587 nam
746 1530 782 1588 ut
808 1526 942 1608 quisque
968 1528 1028 1589 im·

57 1611 270 1697 probissimus
292 1613 370 1691 erat,
392 1609 439 1672 ita
457 1610 594 1671 maxime
610 1607 754 1673 Caesaris
769 1609 864 1671 rebus
879 1609 1028 1673 inimicus

56 1694 201 1761 uitandis
236 1693 345 1777 legum
380 1692 493 1777 poenis
530 1692 568 1755 de
604 1714 689 1756 nouo
731 1692 850 1757 scelere
888 1694 1028 1758 remedia

57 1779 234 1865 quaerebat
256 1783 357 1859 atque,
381 1778 454 1859 quia
473 1777 642 1840 defendere
665 1777 803 1841 admissa
817 1778 941 1862 flagitia
962 1800 1029 1843 non

57 1866 202 1949 poterat,
231 1863 266 1926 in
294 1862 430 1925 ultorem
456 1862 533 1926 iuris
562 1862 718 1926 inuidiam
748 1864 951 1947 congerebat.
996 1869 1029 1928 et
1042 1884 1067 1922 ao

59 1970 134 2014 cum
156 1947 259 2011 sancti
280 1946 433 2031 principis
462 1968 566 2011 mores
590 1950 684 2030 atque
705 1947 856 2012 instituta
874 1948 1029 2012 falsarum

59 2034 130 2097 uitu
153 2031 332 2096 orationum
361 2031 525 2095 licentiam
557 2032 797 2115 submonerent,
830 2034 944 2096 callido
972 2055 1028 2097 no-

60 2054 156 2183 cemii
177 2116 313 2180 artificio
336 2116 567 2180 accusatoriam
591 2116 751 2180 diritatem
774 2117 903 2179 laudum
927 2116 1028 2180 titulis

58 2201 269 2287 peragebant,
292 2201 327 2263 in
347 2200 495 2263 omnibus
516 2200 749 2264 conuentioulis
765 2202 855 2282 quasi
869 2222 926 2283 per
941 2201 1029 2263 beni-

60 2286 239 2353 uolentiam
261 2285 318 2349 illa
339 2285 514 2348 iactantes:
549 2284 702 2347 ‘Iulianus
725 2284 952 2347 Alamanniam
974 2284 1028 2348 do·
1042 2302 1069 2341 2⁵

59 2370 158 2453 muit,
184 2368 326 2433 Iulianus
349 2370 443 2433 urbes
467 2368 590 2432 Galliae
613 2390 651 2432 ex
672 2367 792 2431 fauillis
815 2371 848 2431 et
869 2369 1028 2432 cineribus

60 2454 225 2519 excitauit.
246 2454 321 2518 illae
335 2453 521 2537 prouinciae
537 2453 695 2537 obsessae,
718 2456 929 2537 expugnatae,
944 2454 1029 2516 ferro

61 2540 388 2688 lesnnrttr
405 2537 1030 2688 bdtltielalin‘aittettplllletuii

130 2899 197 2948 2-6
215 2895 355 2947 Gallorum
372 2895 420 2945 illa
433 2922 464 2930 -
479 2896 629 2945 seruiebat.
653 2910 730 2958 porro
748 2895 821 2943 aliae
838 2894 897 2955 (illc
909 2894 942 2959 Δ)
961 2911 1031 2959 quas

61 2990 95 2999 -
114 2965 310 3029 optinebantur
328 2966 369 3027 lt,
392 2964 540 3026 transposui
569 2960 578 3026 ΙΙ
608 2964 623 3010 6
642 2961 836 3011 afficiebantur
854 2977 916 3025 epo:
938 2978 985 3011 om.
1003 2964 1031 3009 Ι

61 3032 258 3083 lacerabantur
274 3033 421 3085 Liuineius:
447 3044 472 3078 w
492 3037 553 3095 post
574 3031 697 3093 ingenua
720 3030 781 3078 add.
801 3029 944 3090 suberant,
971 3036 1032 3092 post

62 3100 232 3150 eruciatibus
251 3098 405 3149 Setenekr'as
422 3102 485 3148 usta
514 3096 524 3161 11
555 3100 587 3147 10
607 3101 670 3161 utq;
693 3112 754 3158 eqo:
777 3100 808 3145 ut
824 3097 852 3144 1
877 3096 881 3161 Ι
908 3102 939 3146 nt
956 3110 1032 3160 prae-

60 3168 226 3232 cipitaretur
242 3169 276 3215 W
298 3165 309 3231 ΙΙ
335 3170 365 3215 12
383 3167 522 3216 minimum
540 3164 633 3214 Bert:
650 3165 724 3214 minu
741 3166 763 3212 Δ
782 3164 895 3213 nimium
912 3163 1033 3212 ΜΠ

62 3236 72 3297 il
90 3238 123 3286 15
141 3236 279 3300 correptio
292 3237 309 3282 0
322 3233 332 3299 ΙΙ
349 3237 381 3285 19
401 3239 461 3299 atq3
481 3234 583 3283 addidi:
603 3248 650 3282 om.
662 3233 690 3280 1
709 3238 737 3283 et
754 3233 812 3285 edd.
826 3229 837 3295 ΙΙ
853 3234 886 3282 20
904 3233 962 3281 iure
981 3244 1007 3279 w
1024 3248 1032 3295 ,-

62 3304 97 3353 22
115 3302 246 3353 salsarum
266 3318 281 3352 o
303 3303 426 3351 inionnm
443 3301 561 3365 uitupc
579 3301 637 3350 edd.
650 3298 660 3364 ΙΙ
677 3302 710 3351 25
728 3300 1031 3350 alarnaniachsz

62 3370 212 3421 almaniam
237 3371 258 3418 Α
284 3318 301 3433 ii
326 3371 360 3418 ‘26
382 3368 509 3420 Iulianus
532 3369 614 3418 urbes
633 3368 742 3418 Galliae
765 3384 811 3419 orn.
829 3368 863 3414 W
893 3365 903 3431 ΙΙ
932 3369 965 3417 27
987 3382 1034 3417 ex·

62 3442 203 3503 pugnatas
222 3439 296 3489 edd.-
314 3442 473 3501 oppugnata
491 3437 519 3484 1
538 3435 611 3486 Bert.
