2406 4012
226 224 483 278 CONSTANTINO
500 225 670 277 AUGUSTO
688 229 724 277 D.
747 229 854 278 12—15.
963 227 1026 292 203

48 376 118 439 hoc
144 377 194 438 est
221 373 306 457 quod
326 374 481 438 securitas
506 377 580 458 post
601 375 765 458 timorem,
794 378 879 459 quod
901 378 1026 441 umbra-

51 461 165 525 culum
191 462 266 542 post
289 459 445 525 calorem:
481 459 685 542 splendorem
713 463 849 524 mutatio
876 462 1024 545 perdidit,

51 543 114 611 sed
135 543 237 607 aciem
259 543 387 607 retudit.

120 626 210 692 XIV.
239 626 387 693 Studium
409 631 441 690 et
459 626 640 692 humanitas
658 632 714 692 tua
736 628 865 694 hortata
887 633 944 713 est,
967 631 1025 694 im-

53 715 196 798 perator,
218 715 256 776 ut
268 712 431 796 hueusque
454 713 606 777 exultatio
621 716 731 777 nostra
752 715 858 778 uerbis
877 714 1051 780 eluceret.5

54 801 89 862 et
117 797 182 861 iam
211 796 253 860 ad
278 797 405 880 potiora
432 797 606 861 redeamus.
651 803 837 881 recuperata
863 801 951 864 omni
981 801 1026 863 cis

53 882 180 947 Padum
195 880 291 946 Italia
312 881 383 964 ipsa
405 882 469 945 iam
493 881 533 944 ad
555 884 588 944 te
610 882 769 965 supplices
792 905 906 947 manus
924 884 1027 948 Roma

54 966 226 1048 tendebat,
250 966 302 1030 cui
322 968 510 1049 portentum
531 965 609 1029 illud
632 967 791 1030 insederat
812 966 894 1031 nihil
917 968 1026 1032 conari

55 1073 171 1115 ausum
193 1049 233 1113 ad
255 1053 303 1113 tot
324 1050 454 1114 nuutios
477 1072 605 1113 suarum
628 1050 775 1115 cladium.
817 1052 934 1135 quippe
956 1052 1027 1135 ipsa

55 1157 90 1201 se
112 1135 262 1199 uilissimi
283 1133 423 1198 hominis
446 1134 613 1199 obsidebat
635 1136 768 1219 ignauia
791 1139 823 1200 et
842 1136 1025 1221 degeneres,
1039 1157 1064 1195 ιο

54 1222 94 1285 ut
108 1218 229 1284 dictum
245 1221 303 1300 est,
325 1220 448 1283 animos
462 1220 558 1283 timor
578 1221 747 1305 arguebat:
771 1220 904 1284 stultum
927 1225 959 1285 et
972 1243 1026 1286 ne-

56 1326 154 1388 quam
174 1304 295 1367 animal
308 1326 467 1387 nusquam
489 1307 578 1367 extra
592 1305 732 1387 parietes
755 1306 862 1390 egredi
878 1306 1025 1370 audebat.

55 1389 105 1453 iu
119 1389 205 1453 enim
220 1392 277 1453 aut
290 1389 448 1472 prodigiis
463 1392 519 1452 aut
532 1392 634 1453 metus
657 1391 706 1453 sui
721 1390 897 1474 praesagiis
918 1412 1027 1454 mone-

55 1474 162 1537 batur.
183 1495 242 1556 pro
256 1473 370 1557 pudor,
387 1474 474 1536 intra
488 1475 646 1557 parietum
662 1475 822 1538 custodias
838 1476 1024 1556 imperator!

55 1578 125 1622 non
139 1556 195 1620 ille
209 1558 350 1640 aspirare
364 1559 400 1621 in
417 1579 573 1640 campum,
593 1579 660 1621 non
676 1559 815 1622 exerceri
830 1558 937 1638 armiS,
961 1580 1026 1621 non
1040 1578 1064 1616 15

55 1642 222 1727 puluerem
244 1643 327 1726 pati;
365 1645 489 1705 astutus
512 1642 654 1725 quidem,
684 1663 725 1704 ne
754 1641 896 1705 uirorum
920 1641 1026 1705 officia

55 1729 270 1811 temptantem
299 1730 543 1790 contemnerent
570 1726 625 1809 qui
651 1725 800 1789 uiderant
824 1726 1026 1790 deambulare

56 1814 113 1876 aut
139 1813 266 1875 tantum
298 1811 334 1874 in
366 1810 421 1875 illo
450 1809 571 1893 palatio
603 1810 805 1874 marmoratis
832 1811 1026 1894 pauimentis

56 1894 221 1975 incedere3
266 1916 341 1959 nam
373 1896 409 1959 in
436 1894 635 1961 Salustianos
667 1896 778 1960 hortos
811 1895 857 1959 ire
886 1896 1026 1980 peregri-

56 1980 149 2044 natio
172 1983 205 2044 et
219 1980 379 2064 expeditio
393 1981 578 2063 putabatur.
609 1979 734 2044 ethaeo
752 1980 880 2065 quidem
895 1981 1026 2046 deliciae
1040 2001 1065 2039 20

57 2067 128 2129 toto
149 2064 205 2129 illo
221 2068 363 2148 tempore
386 2085 448 2212 (ppo
470 2066 581 2129 urbem
603 2065 781 2146 obsederat,
806 2069 907 2129 semet
927 2066 1027 2130 inclu-

58 2151 154 2232 serat,
168 2150 387 2232 turpissimam
426 2170 486 2212 anc
502 2150 569 2213 eius
584 2150 790 2213 formidinem
803 2151 1026 2233 protegebant.

56 2254 125 2297 non
152 2233 239 2297 enim
265 2255 299 2297 se
327 2233 494 2316 inbellem,
531 2235 585 2297 sed
609 2235 753 2314 beatum,
788 2255 855 2296 non
880 2234 1025 2310 inertem,

57 2316 115 2381 sed
136 2338 281 2383 securum
304 2318 405 2382 uideri
425 2317 560 2382 uolebat.
590 2318 738 2401 quotiens
760 2317 880 2380 milites
901 2317 936 2379 in
952 2337 1028 2380 eon-

58 2402 183 2467 cionem
223 2403 373 2485 uocabat,
423 2424 457 2466 se
498 2403 600 2465 solum
643 2422 714 2465 cum
755 2399 819 2464 illis
858 2400 1025 2482 imperare,
1040 2418 1065 2457 a

58 2486 137 2551 alios
158 2508 217 2571 per
238 2487 356 2551 limites
378 2508 437 2571 pro
460 2508 494 2549 se
515 2486 654 2549 militare
675 2485 826 2549 iactabat.
856 2484 1026 2547 ‘fruimini'

57 2571 168 2636 aiebat
195 2571 375 2655 dissipate,
408 2571 590 2654 prodigite’.
634 2568 713 2634 haec
741 2572 811 2634 erat
838 2569 1026 2633 miserorum

57 2654 164 2720 breuis
187 2660 221 2720 et
242 2656 362 2720 caduca
382 2654 531 2719 felicitas.

121 2740 192 2805 XV.
236 2742 286 2805 Ac
308 2743 439 2805 netum
462 2740 606 2823 quidem,
637 2762 709 2804 oum
731 2743 780 2804 tot
802 2740 935 2804 aduersa
957 2761 1027 2803 suo·

57 2846 130 2889 rum
151 2824 274 2909 proelia
297 2825 519 2909 comperisset,
548 2825 675 2889 obuiam
697 2826 743 2889 ire
767 2828 900 2889 conatus
923 2827 972 2887 est
994 2829 1066 2889 ota

126 3013 274 3065 deluserat
281 3015 391 3078 scripsi:
401 3012 558 3065 eluderetur
570 3009 580 3077 ΙΙ
594 3014 609 3061 6
620 3016 647 3061 et
657 3027 718 3075 epo:
729 3010 808 3060 aad!
819 3009 829 3074 [1
843 3012 873 3060 11
883 3014 914 3059 ut
924 3009 1027 3059 dictum

58 3082 279 3135 ostAWBert.:
298 3098 345 3132 om.
357 3082 378 3130 B
391 3082 408 3130 0
420 3081 456 3143 V3
469 3082 505 3143 os.
520 3080 599 3144 [serp.
613 3081 679 3129 Aen.
691 3078 739 3127 IV
749 3081 783 3127 13
797 3076 807 3142 ΙΙ
820 3080 852 3127 12
865 3077 967 3127 animal
980 3092 1027 3126 om.

57 3149 133 3201 Bert.
149 3148 153 3213 Ι
168 3152 291 3215 parietes
309 3151 432 3199 Bde:
449 3152 543 3214 partes
561 3149 584 3195 A
596 3144 606 3211 ΙΙ
620 3149 651 3197 13
668 3145 798 3209 prodigus
818 3154 844 3195 et
860 3158 994 3209 presagus
1006 3144 1029 3190 A

58 3214 64 3283 Ι
78 3218 273 3269 mouebaturA
283 3216 294 3282 ΙΙ
307 3217 589 3269 l'tuiderantLiain.:
598 3215 722 3264 uiderent
731 3215 759 3261 Η
773 3213 777 3278 Ι
794 3211 969 3262 deambulare
978 3217 1028 3260 aut

57 3287 168 3402 iffi*
175 3285 438 3418 similini&
441 3281 455 3418 l
467 3280 922 3412 assuescamus
933 3275 977 3410 tl
995 3280 1028 3396 ἓξ

59 3390 176 3471 inertem
193 3423 224 3471 G:
244 3391 349 3472 hortem
366 3421 393 3468 u
409 3419 529 3470 ihertem
546 3432 571 3468 w
583 3416 593 3484 ll
606 3419 639 3468 25
656 3385 847 3482 imperare'br:
865 3380 1029 3480 imperatore

57 3489 113 3537 AB
129 3488 322 3554 imperatorem
340 3494 400 3541 cett.
413 3486 423 3552 ΙΙ
436 3489 469 3538 29
487 3493 563 3538 tuum
575 3488 598 3534 A
612 3487 616 3549 Ι
632 3486 749 3535 aduersa
767 3498 877 3534 suorum
894 3485 970 3534 edd:
989 3481 1030 3532 di-

57 3569 141 3606 uersa
159 3562 267 3607 tuorum
284 3560 324 3614 Μ;
349 3573 383 3605 aa
402 3556 514 3605 dextera
532 3556 657 3604 tuorum?
679 3550 689 3617 ΙΙ
711 3555 744 3602 30
762 3558 792 3602 ut
810 3553 915 3601 addidi:
937 3567 983 3601 om.
1001 3551 1029 3597 Μ
