2406 4012
198 330 254 395 VI.
304 330 423 395 Uerum
456 333 493 393 ut
519 329 555 393 iu
581 329 710 412 magnis
743 327 891 393 domibus
918 328 1103 393 interiorem

134 419 280 480 ornatum
303 414 461 478 uestibula
482 413 552 496 ipsa
571 412 749 494 declarant,
773 412 820 476 sic
841 411 937 478 nobis
958 413 1103 479 uenturis

135 501 174 563 ad
207 500 387 583 ingentium
419 499 573 561 uirtutum
606 497 765 580 stupenda
796 497 979 580 penetralia
1012 498 1104 563 debet
1144 556 1146 563 .

134 583 327 647 laudationis
342 584 523 666 ingressum
546 585 578 645 et
592 581 840 665 praedicationis
854 581 988 646 ianuam
1002 581 1102 647 Romu
1141 594 1146 607 '

109 668 296 750 spraebere.
331 688 411 750 quae
433 666 577 730 demersa
599 665 758 749 quondam
780 666 964 749 tyrannidis
987 666 1102 750 impiae
1144 720 1146 725 .

133 752 226 814 malis
250 753 282 814 et
303 773 365 834 quo
387 751 490 815 maior
512 773 549 815 eo
570 750 782 814 miserabilior
804 751 985 814 maiestatis
1000 751 1102 834 pristi-

133 857 194 899 nae
210 837 305 899 decus
327 837 368 899 ad
383 836 616 900 misericordiae
640 834 795 898 ambitum
816 834 1025 900 conferebat:
1046 833 1102 900 tibi

134 929 254 1001 tamen,
279 919 491 985 Constantine
513 920 662 1001 maxime,
692 919 787 983 etiam
810 919 844 981 in
867 919 925 982 illa
946 918 999 983 sui
1022 922 1102 984 sorte

135 1006 339 1088 uenerabilis,
363 1005 447 1088 quod
464 1026 542 1088 quos
564 1005 708 1088 impense
730 1024 873 1066 amamus
896 1003 1103 1068 obseruantia

97 1106 122 1146 10
134 1089 262 1153 illorum
283 1090 412 1173 integra
434 1093 497 1172 est,
527 1088 650 1152 etiamsi
672 1087 796 1171 dilapsa
817 1087 951 1151 fortuna
972 1092 1036 1153 est.
1070 1088 1102 1152 in

135 1173 277 1237 abiectos
305 1174 412 1237 officia
438 1173 580 1257 gratiora
608 1175 684 1236 sunt
711 1193 792 1254 quae
822 1192 888 1236 non
917 1194 957 1235 ex
985 1172 1102 1237 miseri·

135 1257 253 1336 cordia,
277 1258 331 1320 sed
355 1279 393 1320 ex
414 1257 537 1321 honore
560 1259 728 1320 uenerunt.
763 1255 819 1319 sed
841 1256 998 1321 nimirum
1019 1261 1102 1321 recte

135 1362 154 1402 a
176 1341 374 1422 sapientibus
388 1341 520 1424 ponitur
535 1342 666 1405 conexio
689 1341 775 1404 inter
797 1361 830 1403 se
845 1342 922 1423 apta
936 1340 1102 1406 uirtutum

135 1424 180 1487 sic
204 1425 288 1487 enim
311 1429 421 1488 mutuo
444 1429 476 1488 et
491 1447 620 1508 operam
642 1426 757 1488 iuuant
779 1428 811 1488 et
825 1423 967 1488 fructum
992 1446 1102 1509 operae

97 1525 122 1565 1⁵
135 1509 333 1592 partiuntur,
356 1514 392 1574 ut
412 1509 506 1573 facile
529 1512 683 1592 appareat
704 1508 930 1591 inseparabilis
953 1512 987 1573 et
1008 1509 1103 1575 indis-

54 1618 57 1623 ·
137 1597 223 1658 oreta
245 1594 422 1677 permixtio.
456 1595 585 1679 gessisti
608 1594 736 1675 bellum,
759 1595 935 1675 imperator
957 1594 1102 1673 maxime,

136 1680 219 1762 quod
248 1680 307 1743 tibi
340 1701 407 1743 non
439 1679 544 1742 minus
573 1678 675 1742 honos
708 1678 796 1741 urbis
824 1676 979 1759 imposuit
1011 1700 1103 1761 quam

137 1763 278 1827 eiusdem
305 1785 456 1828 aerumna
478 1764 647 1846 persuasit.
692 1763 799 1845 itaque
820 1782 889 1824 nou
911 1763 984 1844 plus
1008 1785 1048 1827 ex
1069 1782 1103 1827 eo

137 1846 241 1911 laudis
264 1848 443 1911 fortitudini
465 1852 539 1911 tuae
561 1848 670 1911 datum
695 1868 791 1929 quam
813 1845 927 1929 pietati
949 1846 1104 1911 tributum

98 1947 123 1986 ²0
137 1933 186 1993 est
213 1931 313 2012 quod,
343 1933 418 1995 dum
446 1932 597 1995 scelestos
624 1929 836 2015 persequeris,
866 1930 1010 2005 miseros¹
1030 1931 1103 1995 libe

133 180 195 243 218
459 182 492 230 x.
520 179 670 232 raanan
688 178 768 231 Pau.

135 2013 223 2076 rasti.
270 2016 444 2078 constituta
471 2016 556 2078 enim
586 2019 618 2079 et
639 2018 674 2080 in
697 2016 884 2099 perpetuum
907 2014 1013 2079 Roma
1035 2016 1104 2079 fuu-

136 2096 211 2161 data
227 2099 284 2180 est,
303 2099 450 2162 omnibus
466 2099 520 2182 qui
535 2103 653 2164 statum
669 2101 736 2165 eius
746 2096 939 2163 labefactare
955 2102 1105 2183 poterant

136 2204 209 2247 oum
231 2182 330 2266 stirpe
353 2184 475 2248 deletis.

199 2266 272 2332 Vll.
302 2266 377 2333 Non
392 2269 489 2351 enim,
512 2269 566 2351 qui
582 2269 738 2334 bellorum
753 2273 887 2335 euentus
902 2269 1012 2334 solent
1028 2290 1104 2351 esse,

99 2369 124 2409 ²5
137 2373 194 2435 per
221 2353 326 2417 uarios
355 2357 388 2417 et
414 2354 572 2418 uolubiles
601 2375 691 2418 casus
713 2353 801 2418 Mars
828 2354 945 2417 dubius
975 2354 1104 2435 errauit,

135 2459 195 2501 nec
223 2438 371 2503 fortunae
399 2438 602 2520 uicissitud0‚
631 2460 712 2522 quae
734 2439 919 2522 plerumque
966 2438 1105 2523 rosperis

135 2522 230 2586 rebus
257 2522 349 2587 triste
378 2522 497 2607 aliquid
530 2524 726 2608 augiae-inat,
759 2524 919 2587 uictorum
941 2460 1105 2587 laetitiam

136 2605 331 2688 uulnerauit3
355 2608 410 2670 sed
433 2612 522 2671 tanta
543 2607 681 2672 hostium
707 2611 827 2671 ettam
851 2606 960 2690 ampla
982 2607 1105 2689 caedes,

135 2690 202 2750 tam
229 2688 306 2750 felix
335 2694 367 2751 et
392 2691 560 2754 incruenta
585 2692 649 2771 fait
674 2692 808 2756 uictoria
836 2695 872 2755 ut
898 2691 1011 2757 credas
1040 2712 1106 2756 non

97 2770 219 2833 abella
242 2771 374 2854 ancipiti
390 2771 586 2855 dimicatum,
610 2777 665 2839 sed
688 2778 772 2841 solas
794 2777 967 2859 impiorum
984 2796 1106 2859 poenas

136 2854 302 2938 expetitas.
347 2859 472 2921 tantum
497 2858 595 2922 etiam
617 2860 702 2924 inter
724 2883 812 2924 arma
834 2860 918 2924 bona
941 2861 1105 2925 conscien-

204 3100 373 3161 Bstupenda
391 3112 427 3147 w:
452 3098 592 3163 stipendia
609 3100 636 3147 M
665 3097 675 3165 ll
707 3103 738 3151 10
756 3099 864 3165 dilapsa
881 3099 996 3150 fortuna
1015 3100 1107 3151 Bere:

138 3166 250 3225 delapsa.
273 3166 385 3216 fortuna
405 3168 427 3215 A
451 3166 562 3218 sortuna
585 3166 700 3232 delapsa
721 3169 741 3216 B
760 3170 777 3215 (l
796 3169 818 3216 V
835 3170 868 3215 W
898 3165 908 3232 l
939 3169 971 3217 14
995 3182 1107 3232 operam

152 3236 305 3283 levireatus:
327 3248 411 3297 opera
428 3235 456 3281 11
471 3235 475 3296 Ι
491 3235 589 3284 iuuant
606 3235 650 3284 W:
669 3236 747 3284 iuuat
764 3237 787 3284 A
804 3236 824 3283 B
844 3236 901 3284 cv
926 3232 937 3300 fl
969 3238 1001 3285 1‘1
1019 3234 1107 3286 honos

139 3310 175 3347 w:
203 3316 267 3351 aazia
286 3303 312 3347 Ι
342 3300 352 3365 ῃ
382 3304 414 3351 ‘2¹0
438 3303 608 3367 {tarsoqueris
631 3304 703 3351 AB:
731 3305 938 3367 persequereris
959 3304 978 3350 o
997 3303 1019 3350 V
1038 3303 1072 3352 W
1099 3330 1106 3365 :.

139 3366 172 3411 '23
191 3368 262 3431 ouini
286 3380 306 3417 μ
327 3368 376 3431 ΔΙΙ
397 3369 430 3417 ‘25
449 3382 521 3417 urars
540 3383 577 3418 w:
596 3371 726 3419 marisii
746 3368 756 3434 ΙΙ
778 3372 811 3420 28
829 3369 910 3421 cedes
928 3384 967 3419 w:
988 3369 1064 3420 cedis
1080 3371 1108 3418 u

139 3452 148 3491 p
175 3434 208 3481 29
231 3434 284 3485 suit
307 3442 364 3485 uate
388 3436 507 3485 uictoria.
524 3438 626 3493 addidi,
650 3439 792 3501 postulet.
810 3439 884 3488 eda:
907 3453 956 3488 om.
976 3440 1004 3486 1
1033 3436 1044 3503 ΙΙ
1076 3440 1107 3489 31

139 3502 219 3549 tantii
237 3518 275 3553 v:
294 3510 372 3555 tanta
390 3504 409 3555 Δ
429 3508 505 3551 taato
523 3504 543 3551 B
562 3506 579 3553 0
598 3506 620 3553 V
