2406 4012
257 192 513 245 consummo
532 193 711 246 AUGUSTO.
731 198 839 246 12—14.
972 194 1031 258 191

51 342 215 430 perfecta,
239 343 430 407 celebranda
453 345 537 406 sunt.
561 343 618 407 illa
639 344 726 408 enim
749 346 861 427 quinto
877 365 962 409 ariao
985 346 1033 409 in·

53 430 202 514 eipiente
231 430 379 511 suscepta
407 427 555 491 omnibus
585 427 712 512 populis
741 429 809 493 iure
836 430 1029 513 communia,

53 513 156 579 nobis
176 511 258 576 haee
271 512 401 595 propria
424 533 505 595 quae
519 511 616 595 plena
639 517 722 577 sunt.
750 513 915 597 praeclara
929 514 1033 577 fertur

56 596 196 665 Catonis
219 596 321 660 oratio
344 595 382 660 de
398 596 492 659 lustri
515 597 565 660 sui
579 596 742 661 felicitate.
768 599 832 662 iam
847 601 925 662 tunc
947 599 1033 662 enim

55 684 94 748 in
120 681 180 747 illa
205 684 313 745 uetere
339 702 374 744 re
390 680 526 764 publica
555 680 595 744 ad
617 702 786 747 censorum
808 683 935 747 laudern
961 703 1057 766 per-5

56 767 199 848 timebat,
214 766 240 829 si
256 765 393 829 lustrum
407 764 486 828 felix
503 765 731 850 condidissent,
748 768 775 831 si
790 769 904 831 horrea
919 768 1031 831 messis

57 850 239 949 implesset,
262 850 474 997 sirpindemia
495 850 718 948 redundasset,
742 852 770 914 si
791 852 918 949 oliuitas
940 853 1033 936 larga

57 936 527 1115 inutilitatis
549 936 882 1103 latitatis?
890 934 949 1082 ali
966 936 1032 1083 lli?

58 1126 143 1203 gum
165 1103 452 1250 cessap1tuberta87
476 1103 582 1200 fecisti
598 1107 706 1168 tamen
721 1108 757 1168 ut
772 1105 880 1201 omnia
894 1103 1032 1189 largiora
1045 1125 1070 1166 ιο

57 1189 471 1355 latinitatis
491 1188 1031 1359 {littelaiiililtlliit

57 1358 161 1423 fuisse
183 1355 311 1435 horrea,
342 1357 453 1439 plenas
481 1356 591 1440 cellas,
620 1378 692 1421 cum
719 1359 754 1422 in
776 1358 874 1422 nullis
899 1359 1031 1442 reliquis

58 1443 259 1507 haereamus.
304 1441 365 1505 hoe
385 1442 478 1505 nobis
501 1444 550 1505 est
570 1442 633 1505 ista
655 1443 800 1526 largitio,
825 1443 910 1525 quod
932 1443 1032 1506 Terra

59 1530 166 1592 mater
192 1526 245 1589 fru
269 1546 338 1604 um,
373 1525 456 1608 quod
484 1525 630 1609 Iuppiter
657 1527 838 1590 moderator
866 1548 1030 1590 aurarum:
1045 1547 1071 1585 15

59 1610 214 1761 puisqtugd
236 1546 284 1673 illi
297 1612 437 1758 pprciust
451 1609 615 1693 dederant,
637 1610 731 1673 nobis
753 1614 860 1674 tamen
884 1632 922 1672 ex
937 1611 1031 1673 bene-

85 1717 135 1761 cro
195 1715 297 1758 oauc
334 1716 367 1757 m
389 1715 447 1757 es.

125 1776 215 1843 XIV.
245 1776 411 1854 Quaenam
433 1781 503 1842 toto
524 1778 601 1840 orbe
620 1781 778 1841 terrarum
800 1778 868 1842 auri
891 1777 1032 1862 argenti-

83 1885 125 1929 ue
159 1861 291 1926 metalla
323 1866 390 1926 tam
424 1863 516 1947 larga
550 1865 640 1945 sunt,
677 1862 747 1945 quis
780 1861 888 1948 Tagus
921 1863 1032 1946 quisue

60 1887 211 2013 lactens
238 1949 332 2011 tanto
360 1946 452 2011 fluxit
480 1967 556 2010 auro
584 1949 741 2031 quantum
762 1946 952 2012 liberalitate
976 1950 1032 2011 tua
1045 1969 1071 2008 ro

62 2031 229 2099 consecuti
244 2031 375 2095 sumus?
398 2031 567 2095 nonenim
589 2031 719 2096 maioris
741 2034 789 2095 est
810 2032 952 2096 muneris
975 2033 1031 2095 abs

60 2122 97 2182 te
126 2117 294 2199 accepisse.
339 2116 418 2199 quin
445 2116 543 2180 immo
572 2119 692 2199 quanto
719 2120 768 2180 est
790 2116 898 2180 durius
930 2120 1032 2179 extor-

84 2200 164 2348 uerit
176 2199 259 2347 qulpd
273 2200 553 2347 propripmtfuepitl
564 2222 660 2298 quam
681 2221 748 2347 pon
770 2201 934 2346 aequirerel
950 2200 1033 2345 qupid

61 2305 355 2452 „assistite
377 2305 921 2463 itt<rusticitati
935 2305 1033 2449 liis
1046 2387 1071 2426 2⁵

61 2453 172 2536 multi,
200 2453 374 2536 imperator
396 2455 557 2538 Auguste,
586 2473 664 2535 quos
687 2451 798 2534 inopia
820 2451 948 2514 latrtare
977 2471 1033 2534 per

62 2537 165 2603 saltus
188 2537 363 2601 autetiam
385 2539 420 2601 in
443 2537 573 2601 exilium
594 2537 640 2600 ire
664 2535 874 2621 compulerat,
901 2536 963 2599 ista
986 2556 1033 2599 re·

61 2622 217 2687 missione
245 2623 304 2686 reli
328 2643 438 2687 uorum
473 2623 505 2685 in
535 2622 639 2685 lucem
668 2624 801 2704 exeunt,
834 2620 868 2685 in
895 2621 1033 2706 patriam

62 2708 281 2790 reuertuntur,
305 2644 457 2771 desinunt
477 2706 650 2790 pristinam
673 2727 821 2770 accusare
838 2707 1033 2790 pauperiem,

63 2792 217 2857 desinunt
239 2791 342 2856 odisse
371 2812 522 2877 agrorum
544 2813 673 2856 suorum
699 2791 917 2873 sterilitatem,
946 2814 1033 2856 resu-
1047 2810 1072 2850 so

133 3051 148 3099 1
173 3049 270 3113 quinto
292 3064 364 3099 anno
385 3051 492 3114 scripsi:
522 3049 664 3113 quintoli
682 3046 755 3095 Bcrt.
781 3043 899 3110 (quanto
918 3042 948 3106 0)
979 3043 989 3108 l
1019 3047 1034 3094 6

62 3115 281 3168 condidisset!
310 3114 321 3181 11
350 3118 421 3182 isq.
444 3117 546 3166 olineta
568 3115 585 3164 l.
604 3115 808 3175 fluxissent1‚
835 3129 903 3166 corr.
923 3112 1033 3161 Ritiers·

61 3186 151 3235 hasim
178 3181 190 3250 l
218 3185 234 3235 9
255 3183 341 3235 lustro
360 3187 465 3234 nicenam
482 3199 528 3233 om.
546 3184 566 3232 B
586 3182 643 3233 GV
669 3183 673 3243 Ι
698 3180 749 3230 illa
765 3183 874 3246 scripsi:
897 3179 973 3229 nulla
992 3181 1033 3241 13

62 3268 98 3303 an
117 3254 266 3303 manum?
293 3251 370 3302 nulls
392 3253 466 3315 frug.
485 3251 576 3301 bearit
596 3251 640 3301 ub.
659 3249 869 3315 Eyssenhardtas
898 3246 908 3313 11
939 3249 970 3296 12
989 3247 1035 3297 de-

62 3320 180 3371 sinimus
198 3320 220 3368 Δ
238 3322 297 3374 cdd,
316 3318 326 3385 l
344 3321 375 3369 17
394 3323 504 3368 auctum
521 3320 630 3382 scripsi:
648 3325 742 3368 natum
760 3320 787 3365 Μ
803 3314 813 3381 11
834 3319 866 3366 21
886 3313 941 3382 est]
961 3319 1035 3365 esset

61 3389 196 3439 Puteum
225 3384 235 3452 1
264 3389 297 3438 22
321 3391 423 3453 quanto
443 3388 517 3438 cdd„-
543 3389 621 3435 tanto
638 3387 665 3433 Η
695 3383 705 3451 11
735 3388 767 3436 27
789 3387 829 3435 ire
854 3400 941 3449 comp.
960 3386 977 3432 0
996 3397 1033 3433 w:

63 3470 182 3521 recomp.
202 3456 229 3505 Ι
259 3453 269 3520 1
298 3457 331 3506 29
350 3455 480 3507 desinunt
498 3468 535 3504 w:
556 3453 686 3503 desinant
703 3455 731 3502 li
761 3451 770 3517 11
800 3455 833 3504 30
850 3451 979 3503 desinunt
997 3466 1034 3500 w:

64 3524 195 3575 desinant
211 3524 238 3570 li
