2406 4012
270 65 344 117 rso
362 64 643 118 asarsuasrms
662 66 801 119 sooria.
825 69 900 118 a-r.
1007 66 1065 129 121

98 217 139 281 ad
154 214 297 313 pristina
317 233 389 278 mea
410 214 515 278 studia
537 214 659 279 aditum
679 215 865 279 molientem
888 216 968 295 (licet
980 216 1067 281 hunc

98 302 163 385 ipsi
184 298 307 385 palatio
327 299 431 382 patris
458 299 517 363 sui.
531 320 647 363 munus
675 299 849 383 inuenerit)
876 299 982 382 ipsum
1004 300 1066 365 ius-

97 382 179 450 serit
200 382 388 480 disciplinas
414 384 492 480 artis
514 383 672 480 oratoriae
694 386 868 447 retractare
896 387 929 447 et
949 384 1067 448 medio·

99 467 601 618 dddldstilrmlffierilrheihdenell)
621 472 1092 636 dliiiiiranddiiddqupdririldiheriiiis

97 636 304 722 prolocutam
324 635 364 699 ab
387 636 511 699 arcanis
534 656 694 699 sacrorum
714 637 926 719 penetralium
948 637 988 702 ad
1002 639 1066 721 pri-

96 724 176 785 uata
201 719 364 784 Musarum
393 719 490 803 adyta
516 720 730 803 transtulerim
763 743 831 784 non
857 722 965 805 utique
992 723 1067 805 quia

97 804 191 888 mihi,
214 826 309 888 quem
334 803 434 890 (quod
449 804 519 868 sine
540 804 662 867 inuidia
677 804 824 888 dixerim)
847 807 939 869 tanta
955 805 1067 888 digna·

97 890 190 954 tione
216 889 349 972 respicit
377 891 498 972 quanta
525 909 584 972 pro
612 889 743 952 summis
770 887 945 952 honoribus
974 889 1068 954 debet

98 973 248 1038 sufficere
276 972 430 1056 sapienti,
458 973 556 1037 uellet
585 973 704 1056 aliquid
732 972 881 1056 imposita
907 973 970 1036 ista
996 991 1105 1057 pro-10

96 1058 240 1123 sessione
262 1057 439 1140 detrahere,
462 1057 518 1121 sed
540 1059 576 1120 ut
592 1057 784 1141 professioni
806 1057 869 1140 ipsi
892 1079 931 1122 ex
953 1079 990 1123 eo
1010 1057 1067 1122 ho-

98 1141 557 1291 tltldfflmtltltll
571 1142 875 1292 ltilltfftaffll
896 1143 1068 1292 allati

99 1310 208 1375 stridio
235 1248 475 1394 pilaeoeptoiem
502 1311 576 1374 huic
605 1311 777 1375 conuentui
803 1248 978 1375 iulieiitutis
1006 1312 1067 1375 ele·

98 1395 167 1480 gst,
196 1395 292 1458 etiam
314 1395 419 1460 locum
447 1395 606 1458 exercitiis
633 1395 720 1459 illius
742 1395 923 1459 dedicatum
947 1395 1105 1458 instas-1⁵

97 1480 168 1542 rari
188 1479 284 1562 atque
307 1479 453 1542 exornari
469 1478 557 1561 uelit,
581 1500 653 1543 oum
669 1501 780 1542 omnes
803 1479 945 1542 omnium
961 1500 1067 1542 rerum

98 1564 275 1628 sectatores
303 1567 398 1647 atque
421 1563 563 1626 fautores
591 1584 703 1646 parum
725 1584 758 1626 se
782 1562 964 1626 satisfacere
990 1565 1066 1626 uoto

99 1650 135 1713 et
162 1647 377 1712 conscientiae
405 1669 481 1711 suae
511 1648 659 1730 credant,
688 1647 716 1710 si
738 1667 803 1710 non
825 1647 966 1730 ipsarum
989 1667 1067 1730 quas

99 1733 261 1815 appetunt
282 1732 457 1816 gloriarum
478 1732 600 1814 templa
624 1731 831 1795 constituant.

165 1814 240 1880 VII.
269 1815 350 1879 Inde
372 1824 420 1881 est
441 1816 526 1898 quod
541 1815 750 1880 Atheniensis
772 1816 955 1891 humanitas
978 1832 1106 1880 aram20

99 1898 341 1963 Misericordiae
373 1900 516 1964 instituit
568 1900 653 1984 quod
681 1899 820 1965 Romani
849 1901 937 1965 ducis
970 1902 1068 1965 animi

98 1983 292 2068 magnitudo
318 1985 476 2068 templum
504 1949 642 2049 llirtutis
679 1989 713 2049 et
738 1984 889 2050 Honoris.
935 2008 1069 2069 quarum

100 2068 191 2133 enim
218 2069 335 2132 artium
361 2070 429 2133 siue
457 2069 556 2134 animi
584 2069 787 2134 affectionum
814 2070 941 2154 magnis
964 2070 1068 2133 homi-

99 2151 199 2217 nibus
220 2151 428 2238 ingeneratus
444 2152 536 2217 ardor
549 2154 621 2236 fuit,
646 2175 754 2217 earum
770 2154 867 2216 etiam
883 2155 1069 2217 consecrata

100 2237 239 2301 existere
267 2238 309 2301 ad
334 2240 479 2321 posteros
507 2239 704 2301 monimenta
728 2236 907 2301 uoluerunt.
957 2236 1068 2300 aedem
1081 2248 1107 2289 2⁵

99 2319 250 2385 Herculis
283 2320 447 2386 Musarum
481 2323 515 2385 in
549 2322 632 2385 circo
659 2320 818 2384 Flaminio
847 2319 978 2382 Fuluius
1014 2320 1069 2383 ille

100 2404 251 2471 Nobilior
278 2426 317 2470 ex
338 2407 475 2489 pecunia
498 2405 641 2469 censoria
662 2404 742 2468 fecit
763 2425 831 2467 non
852 2404 885 2467 id
906 2404 1000 2468 modo
1022 2426 1068 2468 se·

102 2492 196 2554 cutus
224 2491 347 2573 quodi
388 2512 404 2554 e
431 2490 548 2555 litteris
582 2493 615 2553 et
642 2488 758 2553 summi
785 2491 899 2572 poetae
928 2489 1070 2553 amicitia

101 2573 281 2656 duceretur,
306 2512 385 2638 serlJfl
404 2576 466 2639 uod
487 2576 522 2639 in
539 2573 675 2639 Graecia
697 2595 769 2639 cum
792 2577 876 2638 esset
895 2574 1070 2659 imperator

102 2596 1108 2827 ursaaccelerandum>prasam

576 2793 586 2828 7

173 2982 186 3029 l
205 2981 354 3046 pristinum
371 2983 394 3029 A
406 2981 439 3029 W
453 2978 458 3045 Ι
478 2979 581 3030 aditum
598 2980 620 3028 A
632 2980 665 3028 W
678 2980 767 3033 Bora:
786 2995 833 3032 om.
851 2981 902 3029 Bc
916 2981 936 3028 V
953 2976 963 3044 ΙΙ
980 2982 994 3030 1
1013 2994 1070 3044 sqq.

101 3045 260 3098 molientem
269 3048 363 3114 ipsum
375 3048 487 3098 iusserit
497 3046 660 3112 disciplinas
678 3047 747 3097 artis
761 3049 898 3098 oratoriae
916 3050 1069 3097 retractare

102 3118 131 3164 et
152 3113 205 3167 hoc
225 3116 281 3182 ipsi
302 3115 408 3180 palatio
430 3115 556 3179 parentis
579 3115 622 3165 sui
645 3129 741 3165 munus
763 3113 901 3167 inuenerit
923 3118 955 3163 ut
971 3112 1070 3163 medio-

102 3196 177 3233 crem
194 3184 230 3241 Ι,
249 3185 398 3246 transposui
414 3189 440 3232 et
455 3178 584 3245 correar'll
598 3184 629 3232 13
647 3181 759 3233 dubium
778 3187 821 3232 est
834 3181 907 3231 Bert.
921 3178 931 3246 ΙΙ
945 3183 976 3232 15
995 3195 1070 3231 exsr-

103 3251 169 3301 citis
184 3251 208 3300 A
225 3250 380 3301 exercitiic
400 3250 533 3300 exercitio
551 3248 594 3298 illi
611 3262 637 3297 w
653 3247 664 3314 ll
680 3250 712 3299 21
732 3249 877 3300 constituit
888 3248 922 3296 W
938 3245 948 3314 ss
964 3250 999 3300 24
1016 3250 1072 3300 fuit

102 3331 134 3382 5:
153 3318 241 3368 fuerit
256 3318 284 3367 Π
301 3315 312 3383 ll
329 3319 362 3368 28
381 3317 476 3368 summi
494 3319 517 3365 A
528 3316 561 3367 W
572 3315 663 3366 Bora:
682 3331 786 3368 summa
804 3317 824 3364 B
843 3313 922 3381 ΗΙΙ
940 3319 973 3368 30
990 3316 1070 3368 hera·

103 3384 165 3435 cleu
182 3388 205 3434 A
223 3388 254 3435 οε
273 3384 408 3436 heraclam
425 3385 445 3432 B
464 3385 485 3433 V
503 3383 634 3436 herculea
653 3398 678 3433 w
