2406 4012
442 164 658 218 PRAEFATIO.
983 168 1037 220 VII

62 323 138 400 tigit
159 321 242 380 hunc
259 336 455 380 'communem
468 320 615 380 librorum
636 338 653 390 9
674 320 792 379 fontem
814 322 944 399 aperire,
969 343 1036 382 cum

64 409 99 465 in
121 406 185 464 fine
207 405 465 484 peregrinationis
486 405 646 464 Romanae
661 403 848 464 Vaticanum
869 407 950 464 1775
971 405 1035 484 (W)

64 491 221 569 inspicere
241 489 358 549 liceret.
393 490 447 567 qui
468 487 548 548 liber
570 509 606 548 eo
628 488 773 548 notabilis
796 498 842 549 est
864 488 947 568 quod
970 491 1037 569 plu-

63 575 159 634 rimas
180 575 330 634 lectiones
353 592 372 630 a
393 582 563 633 correctore
582 572 701 632 librarii
723 573 846 652 aequali
867 576 901 632 in
922 577 1037 634 rasuris

64 659 197 737 scriptas
232 655 279 735 (w
307 666 381 718 nota
411 678 429 717 a
457 656 545 717 nobis
573 655 779 735 significatas)
807 658 910 718 habet.
954 659 1036 719 ubi-

65 762 226 821 cumque
258 751 384 801 autem
413 760 430 813 9
462 762 481 800 a
510 742 655 802 ceteris
681 741 796 802 libris
830 743 1034 816 recedunt,

68 827 299 906 discrepans
327 826 444 886 lectio
473 827 512 885 in
539 825 579 887 W
607 847 625 885 a
656 835 876 887 correctore
910 826 1037 887 inlata

67 913 285 988 inuenitur,
319 911 381 968 nisi
408 910 504 987 quod,
539 919 574 969 ut
601 911 667 969 fere
694 910 742 983 fit,
775 912 809 968 in
838 930 854 982 ς
884 920 916 971 et
942 913 1036 971 inter·

65 995 184 1076 palatio
207 1005 239 1056 et
252 994 508 1072 interpolatamm
522 993 690 1054 lectionum
712 997 865 1073 corruptio
881 995 1037 1055 interdum

64 1080 196 1140 ulterius
218 1079 376 1159 processit.
404 1080 536 1156 nequis
560 1079 642 1137 enim
665 1079 871 1141 existimetW
886 1080 926 1139 ad
942 1100 1038 1138 unum

66 1165 203 1242 aliquem
226 1183 264 1223 ex
280 1162 397 1234 9libris
419 1181 486 1222 esse
509 1172 686 1237 correctum,
709 1183 774 1224 non
789 1163 868 1223 illud
884 1184 1038 1243 opponam

65 1247 108 1309 W
129 1247 204 1306 mihi
225 1248 327 1308 saltim
348 1247 441 1326 paulo
466 1248 672 1326 antiquiorem
694 1267 761 1308 esse
784 1247 886 1308 uideri
908 1268 1000 1327 quam
1022 1268 1039 1318 9

67 1351 189 1405 omnes,
222 1332 278 1392 sed
300 1332 455 1391 nonnulla
482 1332 607 1391 afferam
635 1333 778 1411 exempla
800 1333 911 1411 quibus
939 1353 978 1394 en
999 1333 1038 1394 W

67 1418 192 1476 fluxisse
215 1435 232 1488 9
254 1418 421 1476 euincatur.
449 1416 544 1493 igitur
565 1437 638 1495 pan.
657 1416 711 1476 HI
734 1420 751 1477 6
772 1417 824 1476 fin.
847 1419 880 1476 in
903 1436 919 1488 9
942 1418 1037 1478 habes

66 1501 113 1561 ‘et
139 1520 194 1561 suo
222 1509 353 1580 uterque
379 1500 486 1560 finitur
512 1508 543 1560 et
571 1503 722 1560 consortis
749 1503 906 1581 imperio':
944 1503 977 1560 in
999 1502 1039 1563 W

69 1585 198 1645 difficile
221 1583 386 1664 dignoscas
409 1586 491 1645 sitne
513 1584 640 1645 ‘finitur'
662 1607 711 1659 an,
736 1585 821 1665 quod
842 1587 963 1646 intenta
986 1586 1037 1644 de·

66 1689 150 1728 mum
176 1669 334 1730 oculorum
362 1671 428 1728 acie
445 1671 587 1729 intuenti
614 1671 689 1728 mihi
711 1672 869 1748 apparuit,
901 1670 1036 1728 ‘fruitur'

64 1755 224 1832 scriptum.
248 1786 286 1796 -
309 1774 381 1832 pan.
397 1754 428 1814 V
450 1755 468 1811 2
491 1754 534 1813 in.
557 1753 677 1831 ‘captus
699 1754 817 1813 scilicet
838 1773 893 1813 rex
914 1754 1037 1814 ferocis·

67 1839 165 1897 simae
186 1838 334 1897 nationis'
357 1857 418 1896 uox
434 1837 574 1898 ‘scilicet'
593 1838 645 1912 ita,
668 1847 703 1897 ut
725 1839 848 1916 saepius
870 1839 904 1897 in
918 1837 966 1912 W,
988 1837 1037 1897 ab·

67 1920 209 1982 breuiata
237 1922 318 1988 ‘sci3’
346 1922 402 1980 tali
429 1922 559 1982 ridiculo
594 1921 627 1982 in
653 1940 670 1993 9
696 1925 791 1982 errori
817 1942 925 1983 ansam
953 1923 1039 1984 dedit

67 2005 190 2085 ‘captus
216 2005 298 2066 Scim
324 2007 403 2066 rex'.
436 2038 478 2048 -—
512 2006 554 2065 ib.
578 2008 596 2066 3
626 2009 659 2065 in
688 2008 731 2067 eis
759 2027 839 2086 quae
866 2008 899 2067 in
928 2009 1038 2068 ceteris

66 2088 154 2149 libris
177 2090 307 2169 integris
329 2091 374 2150 ita
395 2091 510 2151 tradita
532 2099 605 2152 sunt
626 2089 698 2151 ‘neo
720 2093 794 2163 ipsis
809 2100 929 2151 tantum
951 2093 1037 2152 fauo-

66 2175 129 2234 nis'
152 2175 192 2236 W
213 2173 335 2235 litterae
358 2175 402 2233 ‘u’
430 2175 463 2236 in
487 2176 535 2234 ‘ti'
559 2175 764 2255 diremptione
786 2176 869 2236 haud
891 2197 961 2236 rara
983 2177 1038 2235 ‘fa-

66 2259 174 2319 tionis'
199 2259 338 2332 exhibet,
369 2259 455 2320 unde
482 2261 657 2338 corruptela
678 2260 770 2321 latius
798 2269 944 2340 serpente
967 2262 1000 2319 in
1023 2279 1039 2331 9

67 2344 238 2403 ‘sectionis’
262 2344 378 2403 factum
401 2354 457 2404 est.
490 2377 532 2387 —
563 2345 614 2403 XI
635 2345 677 2405 30
703 2349 755 2404 ‘nc
778 2346 945 2405 inhonores
968 2365 1038 2404 con·

67 2429 254 2488 temnerent'
277 2448 332 2507 pro
355 2426 419 2489 ‘ne’
444 2447 460 2499 9
482 2430 540 2488 ‘ut'
562 2429 705 2489 tradunt:
743 2430 776 2487 in
798 2429 838 2490 W
860 2429 923 2488 ‘ne’
947 2427 1039 2486 simil·

66 2512 174 2572 limum
197 2520 243 2573 est
264 2512 311 2571 illi
335 2514 403 2572 ‘ut'.
433 2545 476 2556 -
509 2521 643 2573 ceterum
670 2520 793 2591 praeter
814 2511 1040 2572 Durlaceneem

67 2596 307 2656 Riccardianum
320 2597 602 2658 Vaticanumertr
620 2597 661 2657 ad
677 2616 694 2669 9
715 2596 862 2656 familiam
880 2597 1040 2675 pertinent

68 2688 102 2741 et
124 2679 221 2741 codex
243 2680 509 2763 Guelferbytanus
533 2681 616 2742 (iud.
638 2682 694 2755 45,
726 2683 812 2743 cuius
833 2682 983 2742 lectiones
1005 2684 1039 2741 in

66 2764 216 2824 Pliniana
238 2767 379 2827 oratione
392 2766 525 2840 Kellios,
547 2766 581 2826 in
603 2767 715 2826 ceteris
729 2765 895 2827 Arntzenii
919 2776 949 2826 et
964 2767 1037 2827 Jac-

67 2868 160 2927 gerus
190 2849 414 2924 exhibuerunt,
445 2859 476 2911 et
496 2851 551 2911 ille
571 2850 652 2911 liber
674 2869 765 2929 quem
790 2859 928 2912 ueterem
950 2870 1039 2910 suum
1091 2868 1093 2873 ’

66 2942 160 2994 uocat
181 2933 350 2994 Puteanus.
385 2955 476 3014 porro
500 2955 539 2996 ex
560 2954 577 3006 9
598 2936 753 2996 fluxerunt
775 2945 921 3014 excerpta
935 2935 1039 2996 Uossii

65 3016 108 3076 ab
130 3018 311 3078 Arntzeniis
334 3018 482 3079 adhibita.

132 3099 237 3162 Libris
264 3103 459 3183 interpolatis
481 3105 582 3166 missis
610 3106 671 3163 iam
691 3104 768 3184 quid
791 3106 830 3165 de
853 3105 1039 3184 reliquorum

68 3182 241 3263 (BGVW)
262 3186 354 3247 turba
374 3189 572 3250 statuendum
592 3190 632 3248 sit
648 3188 781 3268 agedum
800 3189 971 3250 uideamus.
1001 3209 1039 3249 ex

67 3288 130 3329 uno
144 3279 247 3330 autem
259 3271 427 3353 archetypo
443 3294 495 3335 eos
507 3275 690 3353 profluxisse
704 3294 809 3335 omnes
826 3295 894 3334 cum
906 3275 975 3351 ipsa
985 3273 1039 3333 illa

66 3353 103 3411 iu
125 3351 246 3416 mendis
267 3357 361 3435 longe
384 3357 523 3438 plurimis
547 3360 709 3418 consensio
731 3359 808 3418 mira
828 3359 951 3431 doceat,
975 3367 1039 3419 tum

67 3436 186 3499 diserto
198 3439 326 3502 Ioannis
337 3441 492 3523 Autispae
504 3444 682 3504 testimonio
699 3451 829 3504 constat.
852 3443 943 3505 huius
957 3445 1040 3505 euim
