2406 4012
133 360 221 403 serae
244 337 408 402 timiditati
436 358 486 400 res
510 337 718 419 ostentanda,
748 337 828 485 fuqa
850 359 934 421 quae
956 337 1106 403 babuerit

133 424 332 508 dignitatem.
383 422 453 506 ipsa
487 423 594 485 autem
621 419 753 486 Uerona
804 427 875 485 arta
908 423 1104 489 immanibus

135 509 248 591 copiiS,
286 528 364 589 quas
398 507 432 568 in
462 528 561 568 unum
595 505 752 570 aduentus
779 506 827 569 tui
855 505 1000 571 formido
1032 529 1103 573 oon·

134 593 281 669 duxerat,
306 612 378 653 cum
399 589 569 654 multorum
593 590 657 653 iam
675 590 780 655 clades
803 591 999 675 accepisset,
1021 593 1102 657 facte

108 681 183 740 sest
212 696 382 758 parumper
415 677 501 736 metu
530 678 669 752 cautior,
707 697 772 738 non
805 674 933 739 ratione
960 676 1100 741 felicior:
1139 736 1142 741 .

133 761 232 823 muris
259 781 292 822 se
321 759 360 822 ab
383 760 504 842 impetu
527 759 712 823 uindicauit.
758 759 869 823 aderat
896 759 1019 825 ibidem
1039 760 1100 825 Ru·
1141 778 1144 825 ξ

132 845 239 926 ricius,
264 843 557 927 experientissimus
572 843 649 907 belli
671 846 703 907 et
723 844 965 926 tyrannicorum
989 846 1099 909 ducum

133 930 289 994 columen.
324 950 382 1012 per
403 931 472 992 tota
493 929 619 991 moenia
641 927 810 991 admodum
832 949 954 1012 magna
977 928 1028 993 uis
1048 928 1098 993 bo

133 1015 271 1098 minum,
301 1013 354 1077 sed
377 1013 461 1096 apud
483 1010 625 1075 Brixiam
652 1012 795 1095 plerique
822 1012 887 1075 iam
915 1012 1024 1077 fracti.
1066 1016 1098 1077 ut

96 1117 122 1155 10
133 1099 167 1163 in
187 1119 318 1182 corpore
341 1119 412 1161 cum
428 1096 535 1180 aliqua
549 1118 624 1179 pars
646 1117 744 1179 aegra
758 1098 816 1178 est,
839 1096 985 1162 ualitudo
1001 1096 1097 1162 omnis
1142 1140 1144 1145 -

136 1183 349 1246 contaminari
371 1183 467 1244 solet:
490 1181 536 1244 sic
558 1180 644 1244 illius
658 1181 874 1244 multitudinis
889 1182 999 1264 portio
1020 1181 1097 1245 malo
1141 1178 1144 1185 '

134 1266 248 1329 affecta
270 1267 373 1328 totum
394 1267 430 1329 iu
453 1265 627 1328 exercitum
647 1265 772 1328 timoris
802 1266 992 1348 contagium
1014 1266 1097 1330 dissi·

133 1353 235 1433 parat.
280 1371 376 1431 quam
404 1347 514 1412 faciles
537 1349 646 1431 lapsus
673 1349 841 1412 infirmitas
868 1349 1004 1433 habeat,
1033 1372 1097 1415 cum
1140 1366 1144 1411 ε

135 1455 204 1498 eam
232 1434 458 1517 intempestiua
485 1434 585 1496 mouit
613 1434 759 1515 audacia,
790 1455 862 1497 cum
890 1455 988 1518 saepe
1016 1435 1098 1515 alies,

96 1533 122 1575 15
134 1522 204 1583 tum
225 1519 362 1582 maxime
384 1518 419 1581 in
434 1517 491 1581 illa
511 1518 675 1582 obsidione
690 1540 763 1601 pers
787 1525 893 1582 ectum
913 1528 973 1582 est.
1006 1518 1098 1583 clausi

135 1604 289 1688 impetum
304 1603 429 1668 faciunt
450 1604 481 1665 et
496 1603 550 1686 qui
565 1624 598 1666 se
614 1540 808 1686 aliquamdiu
821 1602 952 1667 latendo
967 1625 987 1666 a
1002 1606 1098 1667 morte

134 1689 354 1769 defenderant,
377 1688 463 1752 facta
478 1687 645 1770 pugnandi
661 1687 764 1771 copia,
788 1708 906 1770 poenas
926 1689 1098 1772 eruptionis

134 1774 323 1837 temerariae
354 1771 584 1856 pependerunt.
628 1771 776 1855 idemque
806 1771 957 1836 Ruricius
988 1792 1099 1857 magna

134 1879 264 1920 suorum
287 1857 375 1920 clade
398 1857 534 1920 reiectus
557 1856 592 1919 in
606 1857 744 1938 moenia,
768 1877 823 1939 spe
846 1856 912 1919 iam
928 1857 1027 1938 lassa,
1050 1854 1100 1921 sed

96 1955 122 1995 20
136 1938 240 2003 adhuc
273 1944 379 2003 mente
413 1961 531 2002 uesana
564 1962 636 2004 cum
664 1962 697 2004 se
719 1939 849 2006 Uerona
879 1940 1099 2025 proripuisset,

134 2044 236 2086 nouos
260 2022 370 2086 eodem
391 2024 458 2107 egit
480 2025 637 2088 exercitus
659 2029 691 2089 et
713 2024 946 2108 praecipitante
967 2027 1036 2090 iam
1055 2025 1100 2089 dic

135 2107 255 2171 bellum
276 2129 342 2171 non
362 2107 562 2190 detrectauit,
584 2130 714 2193 pugnae
730 2109 855 2173 auidior
870 2131 968 2192 quam
983 2109 1100 2174 salutis.

135 2192 191 2258 sed
213 2213 285 2256 eum
308 2192 411 2256 exitus
433 2192 535 2276 magis
558 2214 654 2276 quam
676 2194 790 2258 merita
804 2194 1002 2258 fefellerunt.
1030 2214 1102 2258 nam

135 2278 277 2344 furorem
304 2299 389 2341 mors
416 2278 542 2342 demum
571 2277 708 2360 domuit,
739 2299 833 2362 quem
861 2299 929 2342 non
957 2280 1102 2361 potuerat

97 2377 123 2417 ²⁵
136 2385 196 2428 nec
219 2362 411 2427 considerati
433 2363 516 2426 ratio
539 2384 599 2426 nec
621 2362 698 2426 uicti
720 2362 857 2426 formido
880 2383 1006 2427 sanare.

193 2447 312 2512 XXVI.
333 2447 360 2511 Ο
376 2469 439 2511 nox
454 2448 510 2511 illa
526 2447 663 2511 aeternis
675 2446 809 2511 saeculis
824 2447 1101 2531 monumentisque

136 2533 334 2596 mandanda!
351 2553 423 2596 eum
435 2532 545 2615 spissis
554 2532 695 2596 tenebris
705 2531 823 2614 quippe
836 2552 1013 2614 congressu
1023 2531 1102 2613 facto

132 187 195 253 232
459 190 493 241 Χ.
524 187 671 239 urzasu
688 187 769 239 reu.

205 2771 217 2814 1
238 2767 349 2816 timidit.
368 2766 483 2816 miserae
502 2769 519 2814 0
540 2766 550 2829 ΙΙ
572 2772 586 2816 2
606 2769 678 2819 farta
690 2766 757 2832 'epm
775 2769 849 2819 ferta
867 2766 955 2830 (freta
975 2767 1002 2831 0)
1020 2769 1048 2816 Ι
1065 2784 1103 2817 re·

136 2834 210 2883 ferte
230 2845 253 2881 w
281 2831 291 2898 ΙΙ
322 2833 501 2883 duindicant
518 2835 557 2896 Ι,
576 2841 683 2886 correct
709 2836 712 2900 Ι
741 2837 839 2886 aderat
857 2836 968 2900 quidem
988 2836 1051 2885 Bur.
1067 2836 1101 2895 Π,

135 2902 243 2951 correct
270 2898 280 2965 [Ι
310 2902 325 2949 V
348 2901 591 2966 experientissima
609 2904 672 2952 AV
702 2902 711 2969 ΙΙ
741 2906 757 2954 8
780 2902 922 2953 admodum
940 2904 1053 2953 moenia
1068 2902 1102 2957 Ι.

136 2972 284 3033 transposui
306 2966 316 3034 ΙΙ
346 2968 428 3019 9sed
447 2970 592 3020 Liuineius:
611 2976 639 3020 et
655 2974 682 3018 1
709 2968 719 3035 ΙΙ
750 2973 780 3019 12
799 2973 828 3019 in
846 2972 996 3021 Acidaliae:
1014 2986 1061 3020 om.
1078 2969 1103 3017 Ι

137 3034 141 3101 l
162 3038 291 3100 contagio
309 3051 334 3085 w
355 3035 365 3102 ΙΙ
388 3040 419 3088 13
437 3038 539 3088 habeat
557 3040 705 3088 Acidaliae:
724 3039 810 3087 habet
825 3039 853 3085 Π
870 3038 987 3088 haberet
1004 3036 1079 3087 Bert.
1095 3032 1103 3095 3}

137 3108 169 3155 14
186 3109 279 3155 mouet
298 3103 372 3157 Bert.
389 3104 399 3171 ΙΙ
421 3108 452 3156 17
472 3110 553 3170 copia
565 3106 657 3158 Beer:
677 3120 763 3155 causa
780 3106 808 3152 Π
825 3102 835 3169 ΙΙ
858 3106 889 3154 19
908 3103 956 3154 sed
976 3106 1103 3168 Leapius:

135 3179 164 3222 et
181 3176 208 3220 H
237 3170 247 3237 ΙΙ
277 3175 310 3223 20
327 3173 465 3223 Ueronam
482 3175 522 3230 H,
540 3190 609 3224 corr.
626 3175 758 3222 Liuineius
787 3169 797 3236 ΙΙ
826 3173 858 3220 21
878 3169 945 3237 egit]
965 3172 1040 3237 cogit
1058 3173 1075 3220 (l
1095 3166 1104 3221 t'

135 3242 169 3289 24
186 3240 267 3290 demu
286 3241 390 3290 domuit
406 3256 468 3305 epo:
495 3241 599 3307 demuit
615 3242 636 3289 B
655 3242 672 3289 0
690 3241 712 3288 V
730 3240 763 3288 W
780 3239 884 3289 domuit
900 3238 925 3287 Δ
942 3241 1002 3290 edd.
1034 3236 1044 3303 Ι
1073 3240 1103 3287 26

136 3308 316 3368 considerati;
343 3309 425 3358 malim
448 3307 619 3358 confederati
648 3305 658 3372 ΙΙ
687 3309 720 3358 26
743 3305 766 3356 0
787 3306 882 3356 uoxA
910 3303 921 3370 ss
950 3309 983 3357 VV
1008 3305 1104 3371 spissis

136 3375 212 3424 edd:
246 3377 306 3440 spis
333 3375 356 3423 Δ
381 3382 406 3424 et
431 3375 465 3421 W
492 3392 545 3424 cum
571 3378 643 3439 cipro
671 3377 846 3437 corruptelae,
877 3373 995 3438 spiculis
1021 3373 1104 3432 Bert,

136 3441 217 3504 spiris
234 3442 254 3489 B
273 3443 290 3488 c
309 3444 332 3490 V
346 3442 351 3506 t
367 3441 488 3491 tenebris
506 3444 607 3508 quippe
627 3458 687 3507 epo:
706 3443 880 3505 tenebrisque
898 3442 926 3488 Η
941 3442 946 3505 Ι
965 3442 1042 3491 facto
1060 3442 1104 3489 ad·

136 3508 205 3556 didi:
224 3523 270 3556 ons.
289 3510 316 3554 H
