2406 4012
412 186 624 241 1111111101.
661 186 771 239 sr-ec.
1037 184 1079 250 83

106 340 160 403 est
187 356 326 415 necesse.
362 335 496 400 iustisne
523 334 562 399 de
590 335 691 400 causis
721 338 851 398 senatus
881 335 1078 420 populusque

105 422 274 487 Romanus
295 419 410 503 optimi
430 419 490 485 tibi
512 440 688 504 cognomen
704 418 843 484 adiecit?
874 422 1023 503 paratum
1045 421 1078 484 id

109 506 239 591 quidem
261 508 295 570 et
314 505 350 569 in
377 504 483 569 medio
511 504 666 589 positum,
694 524 815 568 nouum
844 508 963 570 tamen.
995 505 1078 568 scias

104 592 270 657 neminem
286 593 361 653 ante
376 590 540 673 meruisse,
558 591 642 672 quod
654 609 719 653 non
733 590 802 652 erat
817 588 1077 674 excogitandum,

106 676 135 741 si
186 676 236 741 uis
264 675 442 741 meruisset.
480 695 520 738 an
553 674 652 737 satius
687 674 748 737 fuit
781 672 907 739 felicem
940 673 1103 738 uocaret-⁵

105 698 194 845 quob
215 780 282 824 non
304 758 457 841 moribus,
486 758 541 822 sed
568 757 716 822 fortunae
745 758 853 822 datum
883 761 947 822 est:
977 759 1077 822 satius

105 842 728 995 a
743 843 1077 991 1111110·

106 952 222 1098 opalia
243 950 462 1077 nomenphoc
483 949 545 1077 tibi
573 950 650 1076 tamp
666 1012 831 1095 proprium
852 977 950 1094 'quam
972 951 1079 1096 1101011ῙῖΙ

104 1120 202 1181 nnm3
230 1117 291 1161 nec
311 1097 416 1182 magis
444 1095 597 1161 distincte
626 1095 756 1161 definite
780 1117 819 1160 ue
848 1095 997 1180 designat
1023 1097 1116 1180 quire

105 1182 281 1247 Traianum
303 1202 398 1266 quarn
421 1181 476 1265 qui
498 1181 653 1279 optimum
677 1117 828 1264 appellat,
858 1184 894 1244 ut
916 1180 992 1244 olim
1015 1181 1078 1244 fru-

107 1266 240 1352 galitate
272 1264 422 1349 Pisones,
457 1266 616 1349 saprentia
647 1265 764 1349 Laelii,
799 1266 920 1350 pietate
954 1264 1077 1330 Metelli

107 1351 380 1417 monstrabantur.
417 1371 498 1435 quae
520 1350 615 1414 simul
638 1352 747 1415 omnia
775 1372 840 1414 uno
863 1350 925 1415 isto
946 1350 1077 1415 nomine

108 1436 326 1501 continentur.
364 1456 424 1500 nec
447 1435 548 1500 uideri
571 1438 679 1519 potest
705 1435 845 1519 optimus
866 1435 929 1499 nisi
953 1436 1006 1518 qui
1029 1437 1077 1499 est

106 1520 256 1591 omnibus
277 1520 406 1618 optimis
426 1519 461 1584 in
483 1541 540 1584 sua
561 1520 712 1604 cuiusque
734 1520 828 1584 laude
849 1519 1072 1603 praestantior.
1088 1536 1112 1577 15

106 1604 222 1671 merito
243 1604 304 1669 tibr
328 1625 404 1703 ergo
427 1607 501 1688 post
523 1607 643 1669 ceteras
667 1603 900 1688 appellationes
923 1603 1002 1666 haee
1025 1606 1074 1667 est

105 1689 217 1756 addita
244 1692 281 1753 ut
307 1710 417 1753 maror.
454 1689 560 1753 minus
589 1693 639 1752 est
672 1689 756 1751 enim
788 1688 1013 1771 imperatorem
1042 1690 1074 1750 et

105 1773 276 1841 Caesarem
296 1777 329 1839 et
343 1775 525 1859 Augustum
545 1794 640 1856 quam
662 1771 809 1835 omnibus
829 1771 1073 1856 imperatoribus

106 1862 141 1922 et
168 1856 355 1924 Caesaribus
383 1861 416 1922 et
442 1856 598 1943 Augustis
635 1878 702 1921 esse
730 1857 902 1921 meliorem.
940 1857 1073 1940 ideoque

104 1942 161 2007 ille
173 1964 291 2041 parcns
305 1943 470 2008 hominum
486 1943 680 2025 deorumque
702 1942 814 2025 optimi
835 1941 933 2026 prius,
958 1941 1111 2006 deinces

103 2028 235 2093 maxrmi
263 2027 394 2092 nomine
424 2027 550 2092 colitur.
587 2048 649 2111 quo
684 2027 876 2111 praeclarior
908 2028 975 2093 laus
1003 2031 1069 2109 tua,

104 2134 198 2197 quern
220 2133 288 2177 101
310 2113 416 2176 minus
440 2116 565 2176 constat
586 2113 742 2197 optimum
765 2134 832 2177 esse
855 2134 950 2196 quam
972 2111 1071 2175 maxi-

102 2219 200 2262 mum.
231 2200 395 2262 assecutus
424 2217 457 2261 cs
485 2218 602 2262 nomen
629 2197 714 2281 quod
742 2197 780 2260 ed
809 2197 907 2261 aliurn
933 2196 1071 2259 transire

102 2302 168 2347 non
191 2281 305 2366 possit,
333 2281 396 2345 nisi
414 2286 452 2346 ut
473 2286 626 2366 appareat
652 2283 686 2344 in
715 2281 799 2344 bono
827 2280 972 2364 principe
995 2278 1070 2341 alie·

102 2376 190 2449 num,
213 2367 249 2430 in
270 2367 355 2430 malo
377 2366 505 2450 falsum,
528 2367 612 2450 quod
627 2365 703 2428 licet
717 2385 827 2429 omnes
847 2367 959 2446 postea
979 2384 1068 2426 usur·
1081 2378 1108 2421 ss

101 2454 199 2535 pent,
229 2471 354 2534 semper
383 2454 491 2516 tamen
521 2451 712 2535 agnoscetur
745 2451 781 2511 ut
814 2452 912 2511 tuum.
951 2447 1071 2511 etenim

102 2540 141 2601 ut
171 2535 303 2601 nomine
335 2536 475 2621 Augusti
507 2535 715 2598 admonemur
749 2532 815 2595 eius
850 2531 899 2595 cui
932 2532 1069 2616 primum

101 2620 246 2687 dicatum
273 2624 337 2704 est,
370 2620 418 2684 ita
444 2620 524 2684 haec
551 2618 663 2703 optimi
693 2616 865 2702 appellatio
895 2639 1070 2701 numquam

100 2704 273 2770 memoriae
300 2705 467 2770 hominum
496 2704 564 2768 sine
597 2706 629 2767 te
663 2705 822 2786 recurret,
859 2703 1070 2786 quotiensque

101 2791 222 2872 posteri
255 2790 358 2853 nostri
393 2790 548 2873 optimum
584 2788 720 2872 aliquem
754 2808 868 2851 uocare
903 2791 1067 2872 cogentur,
1082 2803 1108 2844 ³⁰

100 2874 223 2939 totiens
244 2874 499 2939 recordabuntur
521 2874 590 2956 quis
614 2872 765 2937 meruerit
786 2872 904 2936 uocari.

156 2957 334 3023 LXXXIX.
349 2959 475 3035 Quanto
486 2980 582 3038 nunc,
595 2959 667 3021 diue
679 2956 798 3039 Nerua,
815 2957 931 3041 gaudio
943 2956 1067 3034 frueris,

102 3065 176 3108 cum
187 3044 277 3108 uides
287 3046 319 3106 et
330 3065 399 3108 esse
412 3043 567 3125 optimum
583 3046 615 3106 et
632 3042 695 3106 dici
706 3062 801 3125 quern
812 3044 976 3123 tamquam
988 3039 1069 3122 opti-

100 3149 190 3192 mum
221 3127 364 3225 elegisti!
395 3149 489 3212 quam
516 3126 636 3191 laetum
664 3126 724 3190 tibi
755 3127 837 3209 quod
867 3126 1069 3206 comparatus

100 3212 168 3277 filio
183 3216 240 3277 tuo
255 3212 409 3277 uinceris!
440 3234 543 3296 neque
564 3212 649 3275 enim
670 3211 734 3274 alio
754 3210 858 3294 magis
873 3207 1107 3292 approbaturus

99 3339 203 3349 -μ-...η
214 3340 247 3346 -...
255 3338 304 3347 ...-

169 3390 268 3439 tante
287 3392 314 3438 te
332 3398 435 3451 marg
463 3382 473 3448 ΙΙ
503 3386 535 3434 10
552 3382 723 3447 diffinitioque
740 3385 768 3431 x
796 3380 806 3446 ll
841 3383 872 3430 14
890 3381 943 3430 nisi
961 3381 1006 3445 qui
1025 3384 1069 3431 est

101 3455 228 3508 omnibus
245 3454 362 3520 'optimis
381 3454 409 3500 0:
430 3453 487 3503 nisi
509 3452 555 3515 qni
579 3453 621 3499 est
643 3450 760 3515 optimus
779 3451 819 3513 W,
844 3466 890 3503 oar.
908 3450 928 3497 B
944 3450 967 3495 V
996 3448 1006 3513 fl
1035 3452 1067 3500 33

100 3522 157 3575 dici
176 3528 309 3590 tanquam
328 3521 456 3585 optimum
475 3534 555 3584 quem
575 3516 607 3567 el.
627 3519 644 3564 0

831 3604 864 3651 6*
