2406 4012
187 205 229 269 98
440 205 477 256 11.
514 205 569 259 CL.
588 203 800 256 MAMERTINI
816 203 898 254 PAN.

186 354 319 419 fortuna
340 353 543 438 respondeat.
580 351 811 435 rempublicam
840 351 927 415 enim
954 372 1021 415 una
1050 355 1165 417 mente

186 440 315 537 regitis3
337 459 441 522 neque
463 438 555 501 uobis
583 440 675 499 tanta
703 437 844 501 locorum
871 435 1044 501 diuersitas
1068 436 1162 501 obest

187 544 356 609 quommus
389 521 479 586 illam
512 520 612 585 ueluti
640 521 759 585 iunctis
792 519 931 584 dexteris
959 520 1163 605 gubernetis.

186 611 233 672 ita
278 607 425 689 quamuis
454 606 655 669 maiestatem
682 605 804 689 regiam
832 604 997 689 geminato
1024 606 1160 671 numina

161 658 342 840 ᾶαυέξαξιξε,
369 690 543 787 utilitatem
570 688 698 836 impprii
706 689 774 837 tpin
821 688 898 786 laris
926 688 1160 838 congntlilcndc

185 798 202 838 r
271 797 341 839 es.
393 795 469 839 uare
500 795 528 837 s1
549 795 615 837 non
652 794 757 837 rusa
809 794 896 837 raec1
960 795 977 837 e
1015 794 1032 837 e
1082 795 1159 839 omr-

186 797 280 924 nibus
296 796 453 924 iustitiam
468 824 647 923 balantibus
662 857 891 941 repromittunt
909 793 1004 922 illos
1020 879 1160 955 gregum

184 944 270 1010 fetus
292 948 325 1009 et
346 943 489 1028 duplices
512 943 661 1008 arborum
680 942 814 1025 fructus,
836 963 924 1006 nunc
946 963 1060 1007 omma
1082 964 1161 1030 gen·

185 1029 271 1094 tibus
286 1029 444 1094 uniuersis
459 1028 588 1114 gemina
610 1027 776 1108 debentur,
800 1047 936 1109 quarum
955 1048 1014 1090 uos
1034 1027 1160 1091 domini

148 1117 254 1178 utam
277 1116 387 1179 sancte
409 1112 566 1176 iustitiam
594 1114 627 1176 et
654 1110 855 1176 concordiam
885 1111 998 1175 colitis.
1029 1113 1069 1175 tu
1092 1112 1161 1196 qui-

186 1198 258 1261 dem
293 1201 395 1278 certe,
429 1197 619 1280 imperator,
654 1198 782 1260 tantum
815 1217 884 1259 esse
915 1196 951 1259 in
984 1195 1160 1261 concordia

186 1282 306 1345 bonum
335 1281 452 1345 statuis
480 1283 516 1344 ut
538 1280 635 1344 etiam
661 1301 715 1344 eos
743 1281 799 1363 qui
820 1280 905 1344 circa
932 1283 966 1344 te
987 1280 1158 1363 potissimo

184 1364 365 1462 funguntur
403 1364 509 1429 officio
547 1363 783 1429 necessitudine
820 1364 882 1428 tibi
920 1368 953 1428 et
994 1364 1158 1431 affinitate

186 1449 383 1532 deumxeriS‚
423 1448 457 1512 id
488 1447 737 1533 pulcherrimum
771 1449 947 1512 arbitratus
981 1448 1157 1515 adhaerere

148 1553 172 1594 15
186 1533 280 1598 lateri
306 1536 361 1598 tuo
388 1554 456 1598 non
484 1533 608 1597 timoris
636 1533 807 1617 obsequia,
837 1532 892 1597 sed
918 1536 994 1597 uota
1015 1533 1159 1617 pictatis.

185 1639 319 1703 quorum
355 1619 452 1683 ductu
484 1618 644 1703 proxime,
686 1638 759 1682 cum
805 1617 1002 1682 felicissimis
1038 1618 1158 1683 uestris

185 1704 335 1788 auspiciis
357 1706 533 1786 uterentur,
564 1703 686 1766 lubrica
713 1701 770 1765 illa
796 1702 958 1784 fallaxque
979 1723 1064 1850 {cns
1086 1704 1159 1768 bar-

125 1864 129 1871 ·
185 1788 334 1851 batorum
357 1792 393 1851 ut
414 1787 596 1852 merebatur
622 1787 735 1852 affecta
763 1789 821 1850 est.
856 1789 964 1850 uestra
1010 1808 1078 1871 aec,
1100 1788 1158 1852 im-

184 1875 322 1955 perator,
353 1874 461 1967 uestra
482 1872 560 1967 laus
575 1874 632 1967 est.
668 1893 688 1934 a
708 1871 799 1934 uobis
820 1870 1036 1968 prcficiseitur
1059 1872 1158 1937 etiam

147 1976 172 2014 2⁰
185 1954 278 2100 libbi
291 1954 803 2123 pearelglpesrrzzplpnffiur.ficptt
824 1975 1158 2105 {pffirsgffianffi

184 2143 264 2185 num
284 2143 344 2207 cpe
364 2122 457 2186 nobis
473 2123 644 2206 prouenire
660 2123 839 2207 uideantur,
863 2147 882 2188 a
897 2125 1031 2189 summis
1045 2128 1158 2190 tamen

186 2208 368 2271 auctoribus
395 2210 542 2291 manant,
575 2207 653 2272 loue
684 2212 807 2273 rectore
840 2209 921 2273 caeli
953 2213 986 2273 et
1013 2208 1158 2275 Hercule

185 2295 337 2374 pecatore
359 2296 531 2357 terrarum:
559 2293 605 2358 sie
631 2293 780 2357 omnibus
802 2292 1026 2377 pulcherrimis
1047 2295 1158 2378 rebus,

147 2396 171 2436 as
185 2377 284 2443 etiam
318 2399 398 2463 quae
431 2378 566 2442 aliorum
602 2377 700 2442 ductu
732 2381 902 2463 geruntur,
930 2377 1157 2444 Diocletianus

184 2462 297 2546 facem,
320 2466 356 2527 tu
378 2463 493 2527 tribuis
516 2463 674 2531 effectum.
710 2465 852 2544 uestrae,
880 2464 1029 2547 inquam,
1054 2464 1158 2529 fortu-

184 2569 256 2629 naa,
291 2551 417 2611 uestrae
449 2548 616 2612 felicitatis
650 2550 708 2627 est,
747 2547 933 2631 imperator,
969 2548 1055 2631 quod
1090 2550 1155 2613 iam

185 2631 304 2693 milites
331 2631 432 2694 uestri
464 2631 505 2694 ad
534 2652 689 2694 oceanum
710 2652 884 2713 peruenere
906 2632 1058 2715 uictoria,
1091 2634 1156 2698 iam

186 2733 348 2776 caesorum
369 2713 405 2775 in
426 2712 482 2776 illo
504 2714 599 2776 litore
621 2714 763 2778 hostium
787 2716 976 2801 sanguinem
998 2716 1155 2802 reciproci

147 2815 172 2854 ao
187 2795 300 2859 fluctus
323 2796 525 2861 sorbuerunt.

241 2878 316 2943 ΧΠ.
340 2880 422 2957 Quid
442 2903 528 2946 nunc
548 2881 649 2946 animi
666 2882 765 2948 habet
779 2883 834 2948 ille
855 2884 971 2969 pirata,
996 2907 1070 2949 cum
1092 2885 1155 2950 fre·

184 2967 253 3028 tum
274 2965 353 3030 illud
380 2987 442 3050 quo
465 2967 532 3031 solo
560 2970 695 3031 mortem
717 2989 807 3032 suam
829 2969 992 3054 hucusque
1014 2990 1154 3037 remora-

252 3192 267 3239 3
287 3188 362 3239 illam
380 3192 489 3254 scripsi:
514 3191 598 3240 etiam
614 3190 641 3237 Π
661 3189 664 3253 j
684 3190 772 3241 ueluti
789 3190 893 3241 iunctis
912 3194 1060 3245 Liuineius:
1077 3194 1153 3243 uelut

184 3256 298 3306 inuictis
311 3259 338 3304 Η
350 3253 360 3320 l
374 3258 389 3306 5
403 3259 539 3308 unitatem
552 3258 736 3308 Itinerslcusius
748 3255 758 3322 11
772 3259 786 3308 7
799 3258 879 3310 binos
890 3261 963 3310 Νι
976 3260 1064 3310 bonos
1075 3261 1154 3310 MV

184 3321 192 3383 lj
211 3325 243 3374 19
255 3324 333 3374 nobis
346 3324 378 3372 W
393 3323 398 3387 Ι
413 3329 442 3374 et
461 3324 532 3387 quod
545 3327 562 3373 (t
575 3323 585 3391 ΙΙ
598 3328 630 3376 20
643 3325 876 3375 commododcv
888 3326 898 3392 [l
911 3330 942 3377 ‘21
955 3327 1019 3377 lucc
1032 3328 1121 3378 diue
1140 3324 1151 3393 ΙΙ

184 3392 217 3437 22
230 3405 313 3454 opere
330 3391 406 3442 Bert.
431 3390 441 3457 l
462 3394 494 3441 26
513 3394 601 3443 facem
619 3395 790 3457 scripsimus.
810 3394 888 3445 alen.
908 3395 1027 3445 XXVII
1043 3413 1076 3461 p.¹
1088 3399 1153 3446 215:

183 3455 298 3505 facilli
318 3472 429 3508 causam
448 3460 566 3509 Elditr'us
589 3465 681 3511 actum
704 3460 918 3524 Eyssenhardtus
940 3459 951 3527 ΙΙ
980 3464 1013 3513 28
1031 3464 1155 3513 uictores

184 3536 209 3570 w
232 3520 242 3588 ΙΙ
266 3526 298 3575 29
318 3526 452 3589 sanguine
470 3528 492 3574 Δ
510 3528 530 3575 B
549 3530 566 3576 c
