2406 4012
474 155 691 208 PRAEFATIO.
1031 157 1072 209 XI

54 286 63 369 f
99 311 316 390 prouenerint,
345 309 438 369 fidem
460 310 584 369 omnino
609 309 754 389 denegat.
799 330 892 388 quern
912 319 1015 370 tamen
1037 310 1071 371 id

54 434 59 467 .-
99 399 202 475 ipsnm
225 392 308 473 quod
322 393 542 472 supplementa
562 393 643 453 illius
666 397 699 454 in
715 415 788 474 pan.
803 394 949 454 II-XII
963 403 1071 474 postea

54 500 61 531 ὲ
100 500 120 537 a
139 480 287 539 Liuineio
310 498 368 557 ope
390 476 462 537 libri
478 478 683 539 Bertiniensis
705 480 884 558 saepissime
905 488 978 538 sunt
999 500 1070 538 eon-

98 565 220 624 firmata
253 583 271 622 a
299 563 353 621 tali
385 562 499 623 iudicio
536 562 642 623 debuit
670 563 837 625 deterrere.
887 582 1072 643 quamquam

54 652 62 705 i
98 668 177 709 sane
199 649 302 708 fateor
324 646 409 707 alind
432 666 499 707 esee
520 648 555 706 in
575 648 755 708 uniuersum
778 647 962 724 concedere,
985 647 1071 708 aliud

54 780 56 791 .
98 735 133 792 in
163 732 294 810 singulis
322 731 397 792 locis
432 750 554 811 semper
582 733 658 811 quid
687 731 896 812 Guspinianus
930 751 969 792 ex
1000 751 1071 792 con·

98 818 219 877 iectura
250 816 326 896 qnid
353 836 392 875 ex
418 814 506 875 libris
535 817 672 894 posuerit
704 825 788 876 certo
818 814 1002 893 diiudicare;
1038 816 1072 877 id

54 950 57 963 .
98 899 185 981 quod
208 921 265 979 ego
289 903 356 979 ipse
379 901 412 959 in
426 900 523 959 Plinii
545 901 685 960 oratione
707 901 907 974 recensenda,
931 899 1072 960 nondum

97 986 180 1045 libro
197 986 312 1065 optimo
327 983 355 1044 A
370 983 503 1057 adiutus,
519 983 699 1063 plenissime
714 1005 782 1044 eum
797 993 951 1064 expertus,
968 1004 1072 1063 quam-

54 1140 58 1149 ,
97 1072 148 1131 uis
171 1068 233 1129 iam
246 1078 312 1129 tum
334 1070 409 1128 satis
430 1068 507 1129 mihi
529 1075 684 1129 constaret
700 1068 890 1148 Ouspiniano
914 1069 1073 1147 egregium

57 1164 60 1169 '
98 1155 236 1233 aliquem
249 1154 385 1213 codicem
396 1153 530 1213 affuisse.
550 1153 642 1213 huius
653 1161 754 1214 autem
766 1153 950 1214 simillimum
960 1152 1072 1212 librum

98 1238 241 1318 possedit
267 1237 402 1299 Ioannes
430 1235 606 1297 Schefferus
639 1240 771 1317 eiusque
803 1239 837 1297 in
871 1239 986 1316 optima
1016 1258 1072 1296 sua

99 1323 264 1382 Pacatiani
286 1322 469 1401 panegyrici
490 1320 629 1381 editione
653 1320 764 1397 (altera
778 1322 926 1402 Upsaliae
943 1345 971 1383 a.
989 1323 1071 1382 1668

100 1408 215 1468 emissa
233 1404 315 1482 ntor)
338 1406 533 1484 saepiuscule
555 1408 744 1467 mentionem
758 1408 874 1468 iniecit.
901 1408 985 1467 cuius
1000 1406 1072 1465 libri

99 1492 323 1572 praestantiam
349 1490 501 1569 simulque
532 1491 594 1550 mei
620 1500 788 1571 apparatus
819 1492 917 1552 critici
945 1490 1073 1550 infidam

100 1584 245 1636 naturam
261 1595 329 1635 eum
344 1575 513 1653 aliquando
529 1575 645 1636 otiosus
660 1596 777 1637 mecum
791 1584 975 1655 reputarem,
993 1575 1072 1634 forte

99 1662 275 1739 suspicatus
297 1679 365 1719 snm
378 1690 419 1701 —
434 1678 536 1739 paene
560 1668 662 1720 autem
681 1662 755 1720 mihi
776 1660 843 1739 ipse
858 1661 975 1720 irascor
989 1659 1072 1736 quod

100 1753 167 1806 tam
194 1744 277 1804 bona
304 1745 438 1823 suspicio
466 1753 529 1804 tam
555 1764 624 1804 sero
654 1747 687 1804 in
715 1752 848 1804 mentem
874 1744 977 1818 uenit;
1011 1743 1072 1802 iem

101 1830 188 1890 enim
212 1828 359 1888 Pliniana
390 1829 487 1889 oratio
519 1828 682 1889 exercebat
713 1829 799 1908 prela
827 1859 869 1870 -
898 1827 1072 1907 suspicatus

100 1933 179 1987 sum,
199 1914 334 1993 inquam,
352 1912 501 1973 Schefferi
515 1913 602 1973 illum
617 1913 755 1974 codicem
771 1913 902 1974 fortasse
912 1913 1070 1993 Upsaliae‚

100 1997 157 2058 ubi
170 1997 224 2057 ille
240 1997 322 2057 diem
336 2017 514 2077 supremum
529 1997 648 2066 obierit,
673 1998 774 2060 adhuc
790 1999 952 2059 asserueri.
980 1999 1071 2057 facile

102 2082 222 2143 adduxi
236 2081 274 2141 A.
290 2082 444 2143 Klettium
458 2091 493 2142 ut
508 2101 545 2141 ea
562 2083 601 2142 de
616 2104 650 2142 re
664 2083 824 2162 Upsaliam
838 2083 958 2143 litteras
975 2083 1071 2142 daret.

101 2187 175 2227 mox
189 2185 337 2246 responso
352 2175 481 2246 accepto
496 2187 545 2228 me
561 2169 757 2229 coniecturae
772 2189 836 2229 non
852 2168 962 2228 falsum
977 2167 1072 2228 fuisse

101 2253 216 2311 certior
236 2252 286 2310 fio.
314 2260 379 2311 tum
399 2271 474 2312 uero
498 2253 638 2313 eiusdem
652 2254 765 2313 Klettii
786 2253 940 2313 industria
962 2272 998 2310 ac
1020 2273 1072 2312 na·

100 2336 199 2396 nitate
222 2343 252 2396 et
271 2334 485 2397 intercedente
507 2358 624 2398 summo
646 2339 769 2417 imperii
784 2338 962 2398 Germanici
979 2339 1073 2414 magi·

100 2428 202 2480 stratu
217 2421 332 2480 factum
348 2429 395 2482 est
409 2429 452 2495 ut,
468 2431 633 2501 postquam
643 2431 788 2501 quattuor
802 2423 936 2499 fereper
950 2439 1072 2479 menses

100 2506 187 2563 inter
211 2524 298 2583 spem
325 2513 502 2586 metumque
526 2506 640 2566 dubius
661 2507 762 2579 haesi,
790 2505 853 2563 fine
880 2505 994 2564 mensis
1014 2505 1072 2563 Fe·

102 2589 219 2647 bruarii
240 2590 270 2649 h.
293 2609 322 2649 a.
350 2590 449 2650 codex
477 2591 630 2651 diuturnis
658 2592 738 2652 uotis
767 2590 922 2668 expetitus
946 2587 1073 2651 tandem

102 2674 139 2732 in
159 2693 268 2734 manus
290 2692 375 2734 meas
397 2677 529 2737 ueniret.

168 2756 316 2819 Continet
343 2767 446 2820 autem
472 2760 523 2820 hic
548 2760 643 2834 liber,
675 2762 728 2840 qui
755 2781 783 2820 a.
808 2762 889 2821 1719
916 2769 986 2839 post
1006 2760 1072 2820 Ioa.

101 2836 255 2902 Schefferi
286 2852 414 2904 mortem
442 2846 475 2903 in
503 2846 715 2906 uniuersitatis
737 2845 934 2923 Upsaliensis
962 2844 1072 2903 biblio-

100 2927 224 2987 thecam
251 2929 396 3006 peruenit
424 2928 529 3008 ibique
557 2929 613 2989 sub
642 2931 800 3009 signatura
827 2928 904 2988 ‘Ser⁸
927 2929 996 2992 Lat.
1022 2929 1073 2987 18’

99 3020 294 3085 assematur,
324 3034 343 3072 a
365 3033 414 3073 me
438 3021 512 3074 nota
533 3013 561 3074 A
581 3013 763 3092 insignitus,
792 3014 878 3073 uaria
907 3032 1004 3092 eaque
1028 3013 1072 3072 di-

100 3114 193 3155 uerso
207 3103 346 3176 tempore
365 3096 528 3158 maximam
542 3108 662 3178 partem
670 3097 699 3176 *)
720 3119 813 3158 manu
827 3097 956 3158 Ioannis
973 3098 1071 3157 cuius·

151 3311 176 3375 *l
196 3313 232 3363 ab
245 3313 336 3364 altera
348 3330 431 3365 manu
445 3330 533 3380 eaque
545 3316 635 3380 magis
647 3316 795 3381 perspicua
811 3320 839 3364 et
852 3313 940 3364 nitide
953 3315 1073 3379 scriptae

99 3384 167 3430 sunt
185 3395 230 3445 pp.
249 3383 282 3433 52
300 3381 367 3446 (hoc
387 3386 442 3446 est,
466 3399 491 3432 a.
511 3399 573 3448 pan.
591 3384 606 3434 1
625 3399 648 3434 c.
667 3384 700 3433 55
722 3383 814 3432 uerbis
833 3382 896 3433 ‘sed
915 3382 1018 3432 uirtute
1039 3398 1073 3432 ac

99 3444 233 3514 meritis’)
250 3476 283 3486 -
303 3451 376 3505 120¹.
