2406 4012
232 141 305 193 PRO
323 142 602 194 RESTAURANDIS
619 142 755 195 SCOLIS.
774 146 882 197 14-16.
975 144 1034 210 127

64 291 160 356 liant.
196 289 275 388 quin
297 290 394 356 etiam
415 291 560 356 laudibus
582 292 731 376 incitant,
755 255 948 377 grauitatem
969 317 1035 359 mo-

65 397 154 458 rum,
180 374 307 440 d1cendi
329 374 517 440 facultatem
539 376 601 440 sibi
622 377 791 461 probatem
816 380 848 441 et
871 379 1034 463 cognitam

64 458 307 545 praedicantes,
334 460 470 544 palatini
491 459 622 525 honoris
643 461 848 546 priuilegium
877 463 1034 527 oratoriae

86 543 259 609 rofessioni
274 543 400 609 saluum
420 548 453 608 et
466 545 626 609 incolume
647 550 821 612 seruantes.
844 546 958 631 quibus
974 569 1034 632 ego

90 629 196 693 'uinae
223 628 436 712 benignitatis
463 629 637 712 illecebris,
668 631 794 694 etiamsi
821 632 908 695 omni
938 651 1060 697 sensus

65 716 142 778 ante
165 713 355 792 caruissem,
380 712 421 777 ad
443 714 588 798 quamuis
610 714 754 797 proiecto
777 715 1033 800 intellegentiam

64 818 214 861 monerer
250 799 283 861 et
317 797 504 882 adducerer,
543 799 698 882 siquidem
728 801 839 863 tantos
871 801 1033 883 principes

62 903 167 947 unum
193 880 357 946 hominem
385 885 477 946 tanta
504 882 598 946 laude
620 882 769 947 decorare
797 904 864 946 non
892 886 941 947 est
966 905 1033 948 ora·

62 970 168 1030 torem
191 965 378 1048 admonere,
402 967 457 1030 sed
479 966 596 1031 facere.

128 1048 219 1114 XVI.
262 1049 345 1126 Quid
366 1051 466 1135 igitur
487 1051 567 1115 mihi
589 1073 660 1115 cum
682 1053 849 1114 numerata
869 1051 1033 1135 pecunia?
1046 1072 1071 1113 io

62 1135 165 1199 immo
192 1135 268 1218 quid
297 1156 369 1199 cum
396 1135 470 1199 ullis
497 1136 610 1219 opibus
643 1139 698 1200 aut
725 1135 831 1201 Midae
859 1157 893 1200 re
917 1136 944 1200 is
978 1140 1033 1201 aut

63 1218 177 1284 Croesi
205 1222 260 1282 aut
286 1219 297 1282 i
321 1220 386 1283 sius
414 1220 468 1304 qui
496 1242 573 1284 auro
603 1220 719 1284 dicitur
745 1219 873 1285 fluxisse
894 1158 1031 1303 l’aetoli,

64 1324 139 1368 eum
167 1302 276 1367 diuina
298 1242 382 1368 llaec
406 1303 590 1368 testimonia
617 1305 766 1369 omnibus
790 1304 909 1368 diuitiis
938 1308 1032 1388 atque

60 1388 73 1451 i
98 1386 143 1452 sis
166 1386 296 1452 deorum
317 1388 496 1471 praeconiis
519 1388 738 1472 anteponam?
780 1389 844 1452 nisi
866 1389 949 1453 forte
970 1389 1032 1473 Py·

105 1471 192 1537 'ados
221 1471 306 1537 illius
334 1472 543 1537 excellentem
566 1472 707 1538 Socratis
736 1472 927 1555 sapientiam
949 1473 1030 1535 uati·
1045 1491 1070 1533 15

63 1557 190 1620 cinatae
212 1559 268 1619 aut
282 1557 552 1654 magnificentius„
562 1577 690 1620 carmen
706 1555 832 1651 uidetur
854 1557 910 1619 aut
924 1555 1031 1620 uerius

62 1641 629 1809 litttittt,iiiiii
643 1642 1031 1808 tititlttbiliiti

62 1809 281 1893 quamobrem,
309 1812 346 1873 ut
367 1810 444 1894 dixi,
468 1810 518 1873 uir
538 1809 781 1894 perfectissime,
804 1830 942 1874 sexcena
964 1808 1029 1895 illa,

61 1896 219 1977 quantum
253 1894 293 1957 ad
321 1895 478 1960 honorem
510 1896 650 1978 spectat,
685 1893 786 1978 accipi
821 1897 962 1978 oportet,
995 1915 1029 1958 re
1043 1913 1068 1953 ao

61 1980 172 2041 autem
200 1979 296 2063 atque
323 2001 383 2042 usu
408 1979 520 2064 delego
541 1980 663 2063 patriae
690 1982 722 2043 et
743 1978 806 2062 ipsi
827 1979 1030 2062 potissimum

62 2061 162 2146 operi,
184 2061 218 2125 in
241 2084 303 2146 quo
325 2063 432 2127 studia
452 2066 564 2128 nostra
587 2063 777 2129 celebranda
798 2065 881 2126 sunt.
920 2062 1030 2126 uideor

62 2147 152 2211 enim
183 2145 262 2210 mihi
292 2147 325 2212 id
356 2147 441 2232 quod
474 2149 572 2212 saeris
599 2148 717 2212 litteris
750 2147 934 2211 continetur
966 2146 1029 2209 hoo

61 2229 265 2294 manifestius
292 2235 389 2315 atque
410 2231 565 2296 illustrius
594 2235 792 2312 retenturus,
819 2229 915 2293 siita
940 2228 1029 2292 saluo

61 2314 196 2379 honoris
223 2315 287 2379 mei
308 2317 478 2400 priuilegio
507 2316 636 2380 doceam
664 2318 700 2378 ut
727 2336 778 2378 me
801 2312 935 2396 dignum
957 2312 1028 2376 tali-
1043 2329 1068 2371 aa

63 2399 124 2463 bus
157 2402 357 2464 aeternorum
385 2400 568 2485 principum
600 2397 726 2462 iudiciis
758 2397 890 2481 probem
923 2417 1029 2461 amore

60 2484 107 2547 rei
146 2483 302 2567 publicae.
353 2484 499 2569 equidem
535 2484 621 2567 ipsos
659 2483 784 2566 patriae
821 2481 895 2545 deos
927 2484 1030 2546 testor

59 2570 154 2632 tanto
176 2589 227 2632 me
250 2569 390 2633 ciuitatis
411 2569 505 2634 istius
528 2590 635 2633 amore
650 2567 786 2652 flagrare
807 2568 854 2650 ut,
878 2588 1028 2651 quocum-

129 2791 146 2838 6
163 2790 355 2854 intelligencia
371 2791 394 2840 A
412 2788 422 2856 l
439 2793 454 2842 7
473 2805 598 2842 monerer
618 2796 646 2842 et
657 2791 703 2842 W:
721 2804 847 2840 monerer
864 2791 887 2837 A
906 2805 1030 2840 onererer

60 2858 84 2905 V
101 2872 201 2909 onerer
217 2857 311 2922 (onere
328 2873 347 2907 ιι
364 2874 475 2909 onerem
492 2859 528 2918 ιιι)
547 2859 567 2906 Β
586 2861 603 2907 c
628 2856 638 2923 ΙΙ
663 2859 694 2906 12
713 2858 786 2920 erysi
803 2858 826 2904 A
843 2858 863 2905 B
885 2856 888 2919 Ι
914 2853 1026 2921 dicitur]

62 2925 168 2975 entitur
179 2927 202 2973 A
219 2925 339 2976 creditur
350 2941 375 2976 w
391 2923 401 2990 l
422 2928 452 2975 14
469 2925 581 2976 deorum
595 2927 733 2976 Gruterus:
751 2939 843 2973 eorum
854 2925 882 2970 ni
897 2921 901 2987 Ι
916 2938 1028 2987 praeco·

59 2992 117 3042 niis
133 2995 242 3057 scripsi:
259 2994 431 3058 praemissi
455 2991 465 3058 ΙΙ
496 2995 528 3043 15
545 2993 699 3043 uaticinate
718 2993 741 3039 A
757 2993 791 3041 B:
810 2991 988 3041 uaticinitate
1005 2990 1027 3036 V

60 3059 235 3111 uaticinante
255 3064 272 3111 0
291 3061 474 3112 uaticinantis
490 3074 515 3109 w
527 3059 537 3126 ΙΙ
551 3062 582 3111 17
603 3059 662 3110 ioui
679 3058 835 3123 herculique
853 3055 947 3121 111119
966 3070 1028 3106 sex·

60 3131 144 3177 centa
156 3129 184 3176 ri
196 3125 206 3192 ll
219 3131 252 3179 20
268 3134 378 3193 oportet
390 3143 418 3178 re
431 3134 524 3178 autem
538 3131 620 3192 atque
635 3126 773 3177 Gruterus:
792 3129 918 3190 oportere
937 3127 967 3173 at
979 3127 1028 3174 aut

58 3194 136 3246 Beri.
155 3200 280 3259 oportere
294 3201 388 3246 autem
406 3197 508 3258 (autem
520 3213 568 3248 om.
580 3195 611 3258 B)
632 3198 681 3243 aut
694 3193 751 3258 (om.
763 3193 795 3258 V)
809 3193 901 3257 quali
920 3194 1028 3257 oportet

62 3277 96 3312 ea
114 3267 205 3313 autem
225 3263 289 3327 (rae.
306 3268 323 3314 8
340 3263 398 3326 litt.)
418 3277 450 3325 rr,
476 3269 602 3329 oportere
622 3266 733 3312 autumo
757 3265 841 3325 atque
859 3274 938 3310 usum
956 3259 1028 3309 Liui-

59 3332 133 3381 neius
149 3327 160 3394 ΙΙ
177 3333 209 3382 23
228 3332 386 3382 continetur
403 3332 444 3381 ita
463 3330 503 3395 (ut
515 3328 656 3394 Liuineius)
676 3328 753 3379 saluo
772 3328 883 3377 honoris
900 3328 955 3379 mei
973 3328 1027 3392 pri-

59 3398 166 3461 uilegio
184 3397 296 3449 doceam
313 3399 365 3451 hoc
383 3400 558 3450 manifestius
576 3403 658 3462 atque
672 3396 807 3447 illustrius
825 3400 979 3448 retenturus
996 3400 1027 3445 ut

61 3462 98 3528 (si
116 3464 259 3530 Liuineius)
277 3481 318 3516 me
336 3465 447 3530 dignum
464 3467 505 3530 Η,
525 3467 673 3530 transposui
689 3472 715 3514 ei
733 3465 757 3514 si
774 3466 872 3515 inserui
