2406 4012
415 209 577 263 Turrino
596 212 629 262 n.
651 213 762 262 31-34.
1030 211 1071 275 29

89 361 180 426 anni
207 360 303 424 fidem
331 359 478 423 omnibus
507 360 601 423 annis
629 361 839 445 omnibusque
867 364 978 444 postea
1005 383 1071 427 sae·

95 447 182 511 culis
205 447 299 509 tanto
321 444 425 528 magis
448 444 610 527 quianon
633 446 788 530 exigimus
811 450 949 510 excuset.

162 528 319 594 XXXIII.
354 528 438 593 Satis
460 529 584 592 factum
607 551 668 613 qua
690 531 808 593 ciuium
830 553 893 613 qua
912 531 1071 595 sociorum

95 613 306 679 utilitatibus.
335 613 440 676 uisum
463 616 512 677 est
534 615 748 696 spectaculum
770 615 845 678 inde
867 637 934 678 non
957 637 1071 680 enerue

96 721 161 765 nec
189 698 312 762 fluxum
344 719 404 762 neo
433 697 515 782 quod
547 699 672 762 animos
700 700 842 762 uirorum
870 700 1011 764 molliret
1039 704 1096 765 etr

97 785 280 868 frangeret,
305 781 360 846 sed
383 782 466 865 quod
489 781 528 845 ad
549 784 660 866 pulcra
682 785 816 847 uulnera
838 788 1072 869 contemptum-

98 890 164 954 que
186 866 300 931 mortis
323 866 524 948 accenderet,
553 888 626 930 cum
649 869 683 930 in
705 889 870 932 seruorum
899 871 995 933 etiam
1017 893 1072 935 no-

98 954 291 1035 xiornmque
312 951 498 1034 corporibus
515 973 604 1015 amor
619 952 721 1016 laudis
743 955 774 1016 et
790 953 903 1035 cupido
919 955 1073 1018 uictoriae

101 1041 298 1102 cerneretur.
343 1056 437 1118 quam
470 1034 584 1099 deinde
618 1038 651 1100 in
684 1036 806 1100 edendo
838 1037 1072 1120 liberalitatem,

100 1143 201 1206 quam
236 1119 392 1183 iustitiam
428 1120 572 1183 exhibuit
608 1121 696 1186 omni
733 1122 902 1185 affectione
936 1125 991 1185 aut
1023 1123 1073 1186 in·
1087 1145 1111 1182 ro

99 1209 210 1270 tactus
233 1207 291 1268 aut
313 1204 425 1268 maior!
452 1205 658 1288 impetratum
674 1208 722 1270 est
738 1206 823 1290 quod
838 1207 1072 1289 postulabatur,

102 1290 250 1354 oblatum
273 1288 357 1372 quod
378 1311 447 1352 non
468 1290 699 1372 postulabatur.
735 1289 854 1356 institit
876 1292 961 1356 ultro
984 1296 1016 1356 et
1038 1298 1075 1356 ut

90 1374 403 1457 *concupisceremus
426 1374 608 1455 admonuit,
639 1397 677 1439 ac
698 1377 744 1440 sio
767 1397 889 1460 quoque
911 1377 1004 1459 plura
1027 1378 1074 1440 in-

102 1460 247 1544 opinata,
269 1457 363 1541 plura
386 1459 502 1522 subita.
529 1460 594 1522 iam
616 1482 713 1543 quam
736 1461 836 1523 libera
859 1462 1074 1543 spectantium

103 1543 223 1627 studia,
245 1565 341 1628 quam
364 1565 492 1607 securus
513 1544 621 1607 fauor!
643 1545 764 1608 nemini
787 1545 944 1628 impietas,
968 1549 1004 1608 ut
1026 1564 1113 1608 so-15

102 1629 209 1710 lebat,
245 1627 369 1691 obiecta
399 1628 482 1711 quod
510 1628 630 1692 odisset
656 1629 884 1712 gladiatorem:
933 1649 1028 1691 nemo
1058 1652 1074 1692 e

104 1715 288 1798 spectatore
301 1713 518 1794 spectaculum
530 1713 638 1775 factus
653 1714 785 1775 miseras
798 1713 981 1794 uoluptates
993 1734 1075 1775 unco

104 1805 139 1863 et
154 1797 285 1881 ignibus
304 1797 456 1879 expiauit.
480 1796 609 1860 demens
625 1796 678 1860 ille
694 1797 823 1880 uerique
838 1796 969 1861 honoris
985 1796 1076 1882 igna-

103 1904 162 1946 rus
193 1880 247 1965 qui
274 1882 408 1945 erimina
436 1882 611 1944 maiestatis
639 1882 674 1945 in
696 1882 815 1947 harena
844 1881 1016 1966 colligebat
1038 1904 1076 1947 ac

103 1989 140 2032 se
163 1965 285 2049 despici
314 1970 346 2029 et
368 1967 546 2048 contemni,
580 1967 644 2029 nisi
667 1968 763 2030 etiam
785 1967 980 2051 gladiatores
1009 1968 1075 2031 eius
1090 1988 1114 2026 ao

103 2070 348 2132 ueneraremnr,
377 2050 438 2114 sibi
461 2051 544 2114 male
566 2051 629 2116 dici
651 2053 686 2114 in
708 2053 788 2135 illis,
817 2074 907 2116 suam
929 2052 1076 2116 diuinita-

102 2140 189 2219 tem,
217 2156 309 2199 suum
336 2156 456 2198 numen
483 2135 599 2199 uiolari
624 2137 910 2220 interpretabatur,
943 2158 1077 2220 cumque

103 2242 142 2285 se
157 2221 244 2284 idem
281 2219 342 2283 uod
358 2219 445 2301 deos,
468 2220 552 2283 idem
569 2220 764 2305 gladiatores
785 2222 869 2305 quod
884 2243 918 2285 se
932 2221 1075 2305 putabat,

171 2241 323 2368 XXXIV.
368 2306 415 2368 At
436 2311 488 2387 tu,
514 2304 640 2385 Caesar,
670 2328 764 2389 quam
787 2307 933 2388 pulcrum
956 2307 1077 2387 specta—

104 2390 218 2455 culum
240 2409 298 2471 pro
320 2388 375 2452 illo
397 2389 490 2453 nobis
519 2390 690 2454 execrabili
711 2388 893 2452 reddidisti!
938 2389 1076 2451 uidimus
1091 2407 1115 2446 aa

104 2474 288 2538 delatorum
300 2473 451 2537 iudicium
463 2475 553 2558 quasi
565 2477 792 2558 grassatorum,
803 2472 893 2555 quasi
905 2472 1076 2536 latronum.

104 2580 177 2622 non
199 2557 404 2622 solitudinem
426 2559 484 2639 illi,
507 2580 575 2622 non
597 2559 669 2640 iter,
694 2558 749 2621 sed
766 2556 932 2640 templum,
956 2556 1010 2621 sed
1030 2557 1077 2622 fo-

103 2664 182 2707 rum
197 2641 397 2706 insederant:
420 2644 510 2706 nulla
526 2644 590 2706 iam
605 2645 798 2706 testamenta
817 2663 936 2722 secura,
959 2643 1078 2707 nullius

105 2731 215 2792 status
244 2730 367 2791 certus:
411 2750 476 2792 non
505 2728 640 2810 orbitas,
679 2749 747 2791 non
775 2727 868 2791 liberi
896 2729 1077 2810 proderant.

105 2813 244 2876 auxerat
264 2811 324 2875 hoc
345 2811 466 2875 malum
490 2813 608 2895 partim
630 2813 763 2876 auaritia
792 2813 809 2849 *
830 2812 884 2850 ²¹⁶*
913 2813 1079 2878 aduertisti
1093 2832 1118 2872 ao

103 2896 220 2961 oculos
248 2899 342 2978 atque
370 2900 407 2960 ut
429 2899 504 2960 ante
532 2897 646 2961 castris
673 2898 718 2959 ita
741 2899 854 2978 postea
876 2919 989 2980 pacem
1011 2899 1080 2961 foro

102 2979 297 3045 reddidisti:
334 2981 480 3045 excidisti
513 2981 700 3044 intestinum
732 2981 852 3044 malum
886 2985 919 3046 et
947 2984 1081 3065 prouida

180 3207 196 3254 3
210 3217 264 3266 qun
276 3216 330 3254 soc.
344 3229 376 3238 -
390 3219 488 3254 enerue
501 3206 593 3264 onaw,
606 3206 666 3253 add.
678 3217 703 3252 w
714 3220 792 3270 murp.
805 3202 815 3269 11
828 3207 844 3254 5
857 3221 906 3254 nec
920 3209 965 3256 ult.
980 3219 1025 3254 orn.
1038 3206 1078 3265 W,

104 3273 172 3323 add.
185 3287 218 3322 m.
230 3287 283 3320 rec.
296 3267 306 3334 l
321 3273 350 3320 ll
365 3273 436 3334 quod
449 3288 495 3322 om.
508 3273 528 3320 B
539 3273 561 3319 V
573 3269 583 3335 11
597 3274 629 3321 13
643 3271 666 3321 si
679 3287 786 3339 quoque
799 3272 831 3320 W
843 3286 869 3320 m
881 3271 891 3336 11
906 3274 936 3322 16
949 3286 963 3319 e
975 3277 1080 3335 specta·

102 3346 169 3390 tore
182 3338 368 3404 spectaculum
375 3341 520 3390 Liuineius:
534 3343 692 3402 expectator
703 3339 909 3405 expectaculum
919 3340 945 3386 Μ
956 3343 984 3389 et
993 3348 1080 3404 spect.

103 3414 135 3457 et
148 3411 237 3471 spect.
248 3420 272 3454 w
285 3404 295 3470 11
309 3408 340 3456 19
353 3406 457 3457 harena
468 3422 496 3472 ςι
509 3407 561 3457 hae
573 3421 602 3456 re
615 3407 724 3456 svwr
736 3409 801 3458 hare
814 3421 858 3455 mr
870 3404 880 3471 l
893 3407 925 3456 26
937 3404 1080 3473 iudicium]

104 3474 256 3524 inductum
268 3471 322 3537 Wll
336 3477 367 3524 27
386 3490 440 3524 non
458 3477 513 3526 iter
533 3475 623 3539 eura:
641 3475 749 3525 nouiter
767 3472 861 3538 Η11ἳὸ
880 3475 984 3524 nullius
1002 3478 1081 3526 idern:

104 3541 205 3593 nullus
223 3545 251 3590 Β
263 3540 273 3606 11
286 3543 319 3592 30
337 3538 448 3609 partim]
468 3543 620 3606 principum
639 3545 713 3598 edd.,·
733 3546 848 3592 lucernam
865 3545 952 3610 signif.
974 3543 1083 3593 Keib'ue.
