2406 4012
332 86 516 139 onrsrnn.
535 86 746 141 nummum.
770 91 844 141 1-3.
1011 86 1072 152 103

99 236 161 303 sed
175 237 278 301 multo
292 236 397 323 magis
411 235 585 301 uirtutibus
600 236 795 320 approbetis,
813 258 947 321 quarum
961 236 1071 302 infati-

96 322 228 409 gabiles
248 322 356 386 motus
378 323 411 386 et
425 321 564 404 impetus
586 321 657 405 ipsa
671 321 721 385 uis
735 321 913 386 diuinitatis
936 325 1070 405 exercet,

125 428 186 471 use
212 427 271 470 uos
296 407 396 470 tentis
423 404 618 469 discursibus
639 408 706 470 toto
733 427 828 488 quem
854 406 967 491 regitis
995 406 1072 471 orbe

97 429 234 557 deducit
259 492 296 554 ut
317 511 378 554 nos
405 511 532 574 semper
553 491 664 554 anxios
691 491 791 554 uestri
814 491 948 556 caritate
968 512 1072 574 nuper

103 576 144 641 ad
166 575 351 640 libertatem
372 574 444 658 pise
466 575 704 659 conquestionis
725 574 903 659 impulerit,
926 597 999 640 cum
1020 575 1097 639 iti-s

101 681 184 725 nere
211 663 319 723 uestra
345 659 423 742 ipsis
445 657 574 723 hiberni
595 659 726 723 solstitii
748 660 859 725 diebus
885 681 943 744 per
965 659 1073 725 uicina

102 744 161 809 ills
188 744 276 808 caelo
298 743 429 827 Alpium
456 744 548 828 iuga,
578 744 691 827 quibus
713 743 841 809 Italiam
867 747 983 809 natura
1004 744 1072 808 ual-

102 828 200 911 lauit,
235 849 354 912 perque
382 828 439 892 illu
466 849 544 892 sere
578 831 611 892 et
638 828 797 893 duriorem
831 829 916 892 sexis
948 829 1072 894 niuium

87 913 297 977 -densitstem
320 912 475 978 desiderio
497 913 595 977 uestri
619 916 651 976 et
673 934 782 979 amore
803 934 1006 998 sequeremur
1029 916 1071 996 et,

100 1002 149 1094 qt.
164 997 269 1094 uirtus
296 1001 403 1062 uestra
431 1019 498 1065 non
525 997 673 1081 sentiret,
707 998 775 1082 peti
803 1019 861 1063 uos
888 999 1072 1082 putaremus
1087 1019 1111 1061 ιο

99 1102 266 1146 iniuriam.

167 1164 227 1230 ΠΙ.
285 1165 494 1231 Reddidimus
527 1170 636 1232 tamen
672 1168 828 1233 rationem
862 1169 1073 1235 sollicitudini
1182 1220 1185 1225 .

73 1252 235 1314 'nostrae
272 1253 305 1314 et
341 1251 488 1335 inspecte
526 1253 654 1336 penitus
691 1254 826 1318 ueritate
862 1255 1072 1339 cognouimus

103 1356 187 1418 quae
215 1356 310 1400 causa
331 1335 432 1401 facist
459 1339 495 1401 ut
516 1358 680 1422 nunquam
702 1339 768 1403 otio
796 1340 995 1424 acquiescere
1017 1361 1070 1404 ue-

102 1419 183 1484 litis.
227 1420 370 1504 profecto
398 1422 484 1486 enim
511 1442 578 1486 non
605 1424 728 1507 patitur
754 1422 816 1488 hoc
844 1425 989 1488 caelestis
1017 1424 1072 1487 ille
1086 1445 1111 1486 15

100 1504 203 1569 uestri
224 1507 350 1588 generis
372 1507 530 1572 conditor.
558 1530 634 1572 num
648 1509 787 1591 primum
808 1510 962 1588 omnium,
986 1508 1072 1591 quic-

98 1589 179 1673 quid
195 1590 375 1656 immortale
391 1596 449 1675 est,
472 1596 556 1656 stare
573 1595 686 1675 nescit,
709 1592 966 1675 sempiternoque
981 1595 1072 1656 motu

101 1695 136 1738 se
160 1680 267 1739 seruat
288 1677 473 1741 aeternitas.
503 1677 616 1741 deinde
635 1677 805 1762 praecipue
828 1679 928 1741 uestri
949 1676 997 1740 illi
1018 1698 1072 1761 ps-

98 1762 226 1842 rentes,
240 1761 311 1857 'qui
339 1762 431 1859 uobis
459 1765 492 1826 et
512 1762 644 1825 nomine.
670 1764 703 1826 et
723 1761 858 1861 imperia
879 1762 1070 1844 tribuerunt,

97 1846 1071 2017 ξιῗὲΡἓξὲξᾱῖἒΕὲἱῗὲῗίὲἓθἙζῖιέἕᾞῗέῗοέῗθὲἷζέἷὲἔέ
1085 1870 1110 1908 ²⁰

96 2014 263 2097 quondum
284 2016 364 2080 caeli
379 2017 582 2098 possessione
596 2016 727 2081 Titanas
749 2021 782 2080 et
795 2037 870 2081 mox
886 2017 1071 2081 biformium

99 2098 187 2163 bella
208 2103 423 2164 monstrorum
444 2101 569 2185 perpeti
593 2122 668 2164 cura
690 2103 835 2185 quamuis
859 2102 1071 2184 compositum

99 2183 264 2269 gubernet
284 2185 454 2268 imperium
479 2189 574 2268 atque
596 2184 680 2248 hunc
702 2189 826 2249 tantem
848 2185 965 2248 molem
987 2183 1070 2247 infa-

98 2268 229 2353 tigabili
257 2291 356 2332 manu
385 2269 488 2332 uoluit
515 2269 720 2352 omniumque
749 2291 855 2332 rerum
878 2268 1006 2331 ordines
1033 2288 1070 2331 eo
1084 2287 1110 2328 es

98 2354 189 2416 uices
212 2353 350 2438 peruigil
372 2357 489 2418 seruat.
520 2373 624 2435 neque
646 2352 731 2416 enim
753 2356 831 2417 tunc
849 2351 1071 2415 tantummodo

98 2441 335 2521 commonetur,
364 2460 436 2504 cum
458 2436 601 2502 tonitrua
623 2437 739 2500 incutit
767 2439 800 2500 et
821 2436 959 2500 fulmins
985 2435 1071 2519 iacit,

95 2521 293 2604 sedetiam,
322 2524 348 2587 si
371 2522 601 2587 tumultuantia
628 2522 859 2586 elementorum
888 2520 995 2585 officia
1016 2542 1071 2605 pe-

97 2608 203 2691 cauit,
233 2608 443 2673 nihilominus
470 2612 579 2673 tamen
607 2611 639 2671 et
660 2607 729 2671 fata
757 2605 899 2690 disponit
927 2610 959 2670 et
984 2606 1071 2690 ipsas

99 2711 181 2775 quae
208 2694 325 2761 tacitae
353 2694 505 2759 labuntur
534 2715 627 2757 aures
653 2692 778 2776 placido
807 2693 881 2756 sinu
901 2690 1010 2755 fundit
1039 2696 1071 2755 et
1084 2711 1109 2750 oo

169 2889 185 2936 2
203 2888 266 2953 ipss
283 2903 331 2940 om.
350 2888 367 2935 0
391 2883 401 2951 ΙΙ
424 2888 557 2937 taurios
577 2901 593 2951 ς
610 2887 757 2936 Liuineius:
781 2886 879 2936 auxilii
897 2887 924 2933 Μ
950 2884 960 2950 ΙΙ
990 2883 1072 2933 5in1-

98 2953 202 3019 pulerit
219 2968 257 3005 w:
275 2954 436 3020 impleuerit
453 2954 480 3000 Μ
497 2951 507 3019 ΙΙ
525 2956 540 3004 6
558 2954 666 3004 hiberni
685 2953 800 3004 solstitii
816 2955 961 3005 Liuineius:
980 2951 1071 3001 hiber·

97 3022 143 3072 nis
162 3022 272 3073 hostilis
289 3025 317 3071 ir
335 3021 408 3071 Bert.
423 3018 433 3085 ΙΙ
448 3024 479 3071 10
496 3026 528 3070 ut
545 3022 633 3071 uirtus
650 3023 762 3085 scripsi:
780 3022 871 3071 uirtus
889 3021 916 3067 Μ
935 3019 989 3069 etsi
1008 3019 1070 3069 add.

98 3090 245 3152 Rhenanus,
264 3089 332 3140 licet
344 3089 478 3139 Acidciius
493 3086 498 3151 Ι
514 3090 600 3139 sentit
612 3090 640 3136 m
655 3085 660 3152 1
675 3103 725 3138 nos
738 3090 772 3135 W
784 3085 794 3153 ΙΙ
810 3090 840 3138 12
858 3085 1025 3137 reddidimus
1041 3098 1071 3149 ςε

97 3157 237 3207 reddimus
250 3160 277 3205 li
290 3155 300 3223 11
314 3160 345 3207 13
363 3161 472 3207 uestrae
486 3158 522 3219 Η,
542 3155 785 3219 commemoretur
803 3151 812 3219 ΙΙ
832 3156 862 3203 16
882 3152 1007 3204 conditor
1025 3150 1072 3202 uel

97 3240 199 3289 parens
210 3225 234 3274 Α
248 3224 253 3289 Ι
269 3227 384 3291 primum
398 3226 472 3274 edet:
490 3224 565 3288 plum
577 3225 604 3271 ii
621 3223 775 3273 diuinorum
789 3236 813 3271 w
826 3220 836 3287 tl
850 3224 881 3271 18
899 3224 995 3271 uersat
1009 3220 1072 3269 Aci-

97 3295 183 3344 daliuc
207 3290 217 3357 ΙΙ
241 3295 273 3342 21
296 3296 359 3357 post
377 3292 602 3356 Eyssenhardtuc:
625 3295 737 3355 praeter
755 3293 782 3338 Η
806 3287 815 3355 Η
839 3292 872 3338 22
890 3288 1020 3340 biformia

99 3358 112 3423 ll
132 3362 167 3411 26
186 3358 233 3425 ac]
253 3362 326 3410 stW
344 3357 403 3426 1129
423 3364 452 3409 st
470 3359 531 3409 iata
550 3359 760 3423 disponitAW:
779 3374 825 3408 cnr.
844 3356 935 3417 BcV;
956 3360 981 3408 in
994 3357 1071 3407 Bert.

95 3431 127 3479 ct
145 3426 206 3480 iste
223 3427 361 3495 disposuit
378 3430 394 3482 l.
409 3428 442 3479 25
458 3430 523 3492 port
540 3442 624 3477 manu
642 3426 733 3476 uoluit
751 3432 843 3477 extant
