2394 3990
218 202 434 256 GRATIARUM
451 204 562 256 ACTIO
580 204 744 256 IULIANO.
766 207 876 257 24-26.
966 205 1032 270 265

60 354 113 418 his
135 354 276 438 optimus
291 353 423 437 quisque
446 353 635 438 abigebatur
648 354 770 437 procul,
794 375 865 419 cum
883 360 1031 438 suspecta

61 442 151 503 esset
171 437 314 521 probitas
336 440 369 501 et
390 438 495 502 inuisa
521 441 553 502 et
574 440 693 521 quanto
715 439 847 522 quisque
869 439 1033 503 honestior
1122 480 1125 485 ,

59 525 155 587 tanto
175 521 390 605 importunior
411 522 554 605 turpium
581 522 701 586 arbiter
722 523 885 587 uitaretur.
931 526 964 587 at
985 528 1031 607 tu,

60 609 222 691 Auguste,
246 606 393 669 omnibus
415 606 511 703 nugis
533 608 664 670 remotis
686 607 843 689 optimum
865 611 898 671 et
914 608 1030 672 doctis-

60 692 177 774 simum
193 711 348 774 quemque
363 691 532 773 perqulris.
558 691 587 754 si
607 691 676 774 quis
693 695 837 774 praestat
857 692 1056 757 uirtutibus⁵

59 775 185 851 bellicis¹
208 778 241 838 et
262 774 356 839 laude
377 773 528 857 militiae,
551 775 586 838 in
608 774 719 838 amicis
742 776 891 862 habetur;
920 778 1031 860 quiin

60 860 202 923 oratoria
229 857 396 940 facultate,
431 858 484 939 qui
512 860 547 922 in
575 858 711 923 scientia
738 859 815 923 iuris
849 861 952 925 ciuilis
979 884 1030 926 ex·

59 943 167 1025 cellit,
197 942 283 1007 ultro
311 943 351 1005 ad
372 943 627 1007 familiaritatem
653 946 794 1007 uocatur.
838 946 1030 1027 quicumque

58 1028 94 1092 in
120 1027 399 1092 administratione
426 1027 473 1090 rei
495 1026 643 1110 publicae
669 1027 875 1091 innocentem
902 1049 936 1092 se
962 1050 1030 1091 um-

59 1133 159 1195 quam
181 1114 214 1175 et
229 1114 396 1177 strenuum
409 1110 568 1194 praebuit,
591 1111 626 1174 in
646 1112 841 1175 consortium
861 1134 1029 1176 numerum
1043 1134 1070 1173 ιο

57 1198 251 1279 receptatur.
288 1195 438 1280 regendis
460 1195 635 1279 prouinciis
657 1217 723 1261 non
743 1196 1030 1262 familiarissimum

58 1301 236 1364 quemque,
268 1279 323 1343 sed
350 1280 649 1343 innocentissimum
675 1280 768 1378 legis,
812 1303 922 1346 omnes
951 1304 970 1345 a
995 1286 1028 1347 te

58 1368 222 1448 augentur
248 1365 397 1447 pecunia,
425 1365 662 1447 locupletantur
689 1366 825 1448 druidis,
854 1365 1029 1432 honoribus

57 1447 284 1512 honestantur.

122 1530 243 1597 XXVI.
276 1532 411 1596 Prorsus
433 1532 591 1596 amicitias
613 1533 712 1595 tueris
734 1533 852 1615 priuati
874 1534 947 1615 fide,
971 1535 1028 1597 im·
1042 1551 1068 1593 1⁶

81 1617 217 1682 eratoris
250 1617 424 1699 opulentia.
476 1637 556 1699 quae
586 1620 758 1698 perpetuae
792 1620 825 1679 et
852 1619 1028 1681 constantis

98 1700 297 1765 niuolentiae
319 1701 423 1798 prima
444 1699 560 1763 fiducia
582 1703 645 1782 est,
676 1699 852 1764 certissima
872 1701 1028 1764 uirtutum

59 1788 93 1849 et
116 1786 258 1855 maxima
283 1785 453 1868 principis,
488 1785 623 1867 ueritas,
658 1806 833 1867 numquam
860 1785 896 1848 in
922 1785 1029 1849 auimo

59 1890 129 1934 esse
156 1870 352 1952 suspicacem
379 1873 412 1932 te
439 1868 555 1932 audiui.
605 1889 699 1932 nemo
727 1869 883 1933 simulatis
905 1869 1028 1933 blandi-

58 1953 125 2036 tiis,
148 1974 245 2017 nemo
267 1953 349 2017 falsa
364 1952 594 2037 pollicitatione
617 1953 766 2037 deceptus
789 1957 849 2018 cst.
880 1955 951 2039 quis
973 1973 1068 2020 nero

58 2039 120 2101 scit
148 2037 285 2101 aliorum
307 2039 536 2121 imperatorum
557 2037 693 2102 hilarem
715 2038 876 2104 diritatem
900 2040 1028 2104 cachin-

59 2123 257 2204 nantemque
279 2120 475 2186 saeuitiam?
511 2144 530 2185 a
552 2123 665 2206 quibus
687 2122 835 2208 ingenita
857 2123 1027 2187 crudelitas

58 2205 216 2292 figmento
246 2206 387 2270 laetitiae
414 2206 591 2290 tegebatur.
636 2207 718 2269 mira
746 2210 795 2271 est
821 2208 856 2269 in
881 2207 1028 2288 principe

59 2292 171 2354 nostro
192 2292 311 2354 mentis
333 2291 525 2374 linguaeque
549 2289 727 2354 concordia.
766 2311 832 2353 non
853 2289 948 2352 modo
970 2288 1028 2352 hu-

58 2374 143 2438 milis
173 2378 206 2438 et
232 2377 325 2458 parui
353 2374 468 2457 animi,
503 2374 558 2437 sed
586 2372 701 2437 seruile
727 2373 841 2436 uitium
870 2373 930 2437 scit
957 2394 1026 2437 esse
1040 2391 1068 2432 as

59 2458 273 2523 mendacium.
319 2468 351 2523 et
377 2479 468 2540 uere,
504 2479 576 2522 cum
602 2455 772 2521 mendaces
800 2457 946 2522 homines
973 2460 1028 2521 aut

58 2542 169 2626 inopia
190 2547 246 2607 aut
260 2544 358 2608 timor
373 2542 481 2624 faciat,
503 2541 760 2626 magnitudinem
782 2541 931 2606 fortunae
953 2563 1027 2606 suae

57 2626 234 2710 imperator
257 2628 312 2710 qui
333 2627 487 2691 mentitur
505 2628 642 2712 ignorat.
671 2626 751 2710 quis,
774 2648 911 2711 cronos,
934 2627 1027 2711 plura

57 2711 208 2794 praebuit
221 2710 296 2775 fidei
313 2712 575 2796 constantiaeque
591 2711 801 2777 documenta?
823 2734 932 2777 omnes
949 2733 1027 2796 quos

58 2796 205 2878 priuatus
233 2795 269 2859 in
289 2795 543 2861 familiaritatem
570 2798 690 2881 recepit
718 2798 827 2862 eodem
849 2797 949 2861 habet
970 2797 1026 2859 im·
1039 2811 1068 2850 ³0

56 2882 188 2962 perator
210 2879 338 2944 affectu.
365 2899 460 2945 nemo
474 2882 577 2966 gradu
591 2881 712 2966 pulsus,
734 2903 830 2945 nemo
853 2882 940 2945 aditu
955 2902 1027 2964 pro·

57 2962 189 3047 hibitus,
207 2964 290 3028 nulli
304 2965 416 3047 palatii
430 2965 515 3029 fores
532 2966 658 3029 clausae
674 2968 758 3028 sunt.
789 2962 911 3048 [omnes
926 2963 1027 3027 bonos

128 3120 160 3168 10
177 3133 317 3169 numerum
334 3131 349 3166 r
366 3133 396 3168 ur
415 3134 554 3170 munerum
571 3120 598 3166 Μ
618 3115 629 3182 ΙΙ
651 3120 682 3168 12
701 3131 811 3180 omnes3
832 3118 912 3167 malim
929 3121 970 3167 uel
986 3118 1029 3167 in·

56 3190 154 3235 sontes
172 3188 213 3236 uel
232 3187 346 3236 comites
368 3184 378 3252 ΙΙ
401 3189 433 3237 18
450 3189 570 3237 maxima
587 3187 695 3249 scripsi:
713 3185 824 3235 maximi
841 3184 961 3247 ΑΒΜ,
978 3201 1026 3237 om.

55 3250 77 3301 B
95 3252 114 3300 ὓ
132 3254 154 3301 V
171 3255 213 3303 w.
237 3270 270 3303 an
287 3254 403 3304 maxime
420 3255 451 3305 in
468 3256 554 3320 princi
576 3269 603 3315 e,
623 3252 785 3303 sinceritas?
812 3251 817 3318 1
839 3267 956 3318 numque
974 3253 996 3300 V
1021 3250 1024 3317 l

55 3321 162 3382 anim03
179 3323 262 3371 malim
279 3320 371 3387 aliquo
388 3326 430 3372 uel
446 3324 536 3372 amico
557 3271 574 3386 ll
597 3323 629 3371 19
647 3320 790 3384 suspicaci
807 3327 837 3372 te
854 3322 962 3385 scripsi:
981 3334 1027 3370 su-

55 3387 179 3451 spicaret
196 3389 219 3436 Δ
237 3390 406 3454 suspicatum
425 3390 445 3437 B
463 3393 480 3438 c
498 3391 521 3437 V
538 3387 590 3453 Wl
607 3387 762 3439 simulantis
781 3390 798 3437 0
819 3386 829 3453 ss
853 3390 886 3439 20
905 3389 952 3455 qui
969 3389 991 3436 Δ
1009 3390 1026 3437 c

54 3450 65 3517 ΙΙ
94 3454 128 3505 21
151 3455 307 3505 caehinant.
325 3458 348 3505 Δ
365 3457 387 3504 V
404 3457 437 3504 W
466 3455 476 3521 ΙΙ
506 3460 538 3508 31
562 3452 651 3522 aditu]
674 3456 771 3506 habitu
792 3457 809 3505 G
839 3454 849 3520 ΙΙ
879 3458 911 3507 32
935 3471 1027 3507 omnes

54 3522 145 3573 bonos
163 3522 250 3573 habet
267 3526 359 3574 sechui
