2406 4012
136 158 196 224 166
449 158 513 211 vn.
541 156 688 210 Iscnssri
706 156 787 211 PAR.

135 308 362 375 Constantium
389 307 483 372 Pium
512 306 610 371 etiam
638 307 674 371 in
701 326 833 371 excessu
861 326 920 371 suo
947 305 1096 371 felicitate.

134 393 292 458 donastis!
337 395 511 476 imperator
537 392 711 455 transitum
737 390 882 455 facturus
915 391 951 455 in
980 388 1100 457 oaelm'

133 478 216 542 uidit
244 499 338 561 quem
364 475 565 561 relinquebat
593 474 752 541 heredem.
797 476 872 541 ilico
899 475 1079 559 animatque

133 563 187 627 ille
209 562 301 626 terris
324 561 430 626 fuerat
453 564 634 644 exemptus,
663 561 833 625 uniuersus
857 560 893 625 in
915 564 948 625 te
970 579 1080 625 musen-

108 647 177 711 asit
199 645 370 729 exereitus,
397 649 429 710 te
451 646 595 710 omnium
617 648 741 709 mentes
764 644 911 728 oculique
933 644 1082 731 signarunt

134 733 180 811 et,
209 750 400 813 quamquam
426 732 462 793 tu
489 731 528 794 ad
557 729 698 794 seniores
720 729 883 813 prinsipes
912 729 951 793 de
980 748 1082 793 sumna

132 815 179 878 rei
201 814 349 897 publicae
371 815 447 898 quid
465 815 534 879 fieri
555 815 698 898 placeret
718 813 907 897 rettulisses,
931 832 1106 897 praedone·

132 903 210 964 runt
233 899 338 963 studio
361 899 444 984 quod
466 899 514 963 illi
535 919 611 962 mox
633 898 749 962 iudicio
771 897 1002 981 probauerunt.
1046 917 1084 961 ur·
1105 948 1109 953 .

133 1005 246 1068 puram
279 984 388 1048 statim
420 983 496 1066 tibi,
530 1005 602 1047 eum
634 983 758 1066 primus
792 983 917 1066 sopiam
949 983 998 1047 tui
1024 920 1085 1047 iat

96 1088 121 1127 ¹⁰
134 1090 300 1218 {titt}
321 1064 1085 1237 ttttdttttttttttttss³⁵ntttttt

133 1239 183 1301 fas
207 1240 276 1301 erat
298 1236 416 1301 diutius
433 1237 502 1301 fleri
524 1237 703 1320 prinoipem
728 1240 960 1301 consecratum.
989 1234 1086 1300 dieerii

134 1321 241 1404 etiam,
264 1322 435 1404 imperator
455 1322 584 1404 inuicte,
607 1322 754 1385 ardorem
768 1320 860 1384 illum
878 1323 914 1385 te
929 1319 1086 1404 deposeat-

132 1406 175 1468 tis
204 1407 361 1470 exereitus
383 1406 495 1491 fugere
525 1409 656 1470 conatus
687 1427 803 1489 equum
826 1404 1004 1470 calcaribus
1024 1402 1087 1468 inei·

95 1506 120 1546 1⁵
134 1494 229 1555 tasse.
265 1490 349 1574 quod
372 1491 508 1574 quidem,
531 1492 568 1554 ut
588 1512 700 1554 uerum
722 1489 842 1571 audias,
866 1488 1087 1554 adulescentiae

134 1597 238 1640 errore
265 1575 415 1640 faciebas.
460 1575 532 1659 quis
560 1575 646 1638 enim
673 1578 705 1639 te
735 1573 881 1657 Cyllarus
916 1576 974 1638 aut
1002 1573 1087 1638 Arion

133 1664 243 1744 posset
265 1662 386 1745 eripere
409 1681 503 1744 quem
526 1659 715 1744 sequebatur
737 1658 932 1742 imperium?
963 1657 1032 1742 issa,
1050 1657 1088 1721 iu·

156 1768 246 1829 uam,
276 1744 332 1809 illa
358 1746 525 1828 maiestas,
553 1744 671 1827 quippe
694 1742 781 1808 Iouis
809 1742 918 1808 oblata
939 1745 1022 1807 nutu
1041 1760 1088 1805 neo

133 1766 213 1894 iridi
235 1830 328 1894 deum
351 1830 498 1912 nuntiae,
526 1829 580 1894 sed
602 1828 712 1912 pinnis
736 1828 906 1893 commissa
928 1825 1087 1905 Uictoriae,
1127 1848 1130 1887 ;

96 1929 121 1967 20
135 1914 202 1975 tem
224 1913 317 1977 facile
335 1916 367 1977 te
391 1914 540 1977 comitata
563 1919 612 1977 est
634 1934 729 1996 quam
752 1912 879 1976 oito=ad
894 1915 998 1977 terras
1017 1909 1088 1975 eaelo
1128 1918 1130 1965 ἱ

134 1996 231 2059 missa
259 1997 460 2080 perueniunt.
505 1996 551 2060 sie
579 1997 770 2061 modestiam
795 1999 886 2062 tuam
915 2000 1012 2081 atque
1036 1994 1089 2089 pia

134 2082 235 2144 tatem
263 2085 296 2144 et
323 2080 489 2144 differendi
514 2080 640 2163 imperii
669 2084 802 2146 conatus
831 2082 974 2146 ostendit
1000 2082 1032 2145 st
1052 2098 1089 2141 rei

134 2164 282 2250 publicae
305 2164 441 2229 felicitas
464 2165 552 2229 uicit.

198 2249 255 2315 IX.
288 2249 314 2315 Ο
338 2250 504 2314 fortunata
527 2252 559 2314 et
581 2271 669 2314 nune
691 2249 839 2315 omnibus
862 2250 987 2315 beatior
1008 2244 1089 2313 terris
1127 2272 1130 2281 ·

98 2350 123 2393 ιδ
136 2334 324 2420 Britannia,
354 2357 434 2420 quae
459 2334 707 2401 Constantinum
729 2333 900 2400 Caesarem
928 2335 1031 2418 prima
1052 2329 1090 2394 ui·

136 2421 228 2487 disti!
263 2422 376 2487 merito
399 2424 431 2485 te
454 2421 602 2485 omnibus
628 2419 708 2483 caeli
731 2440 768 2483 ao
791 2418 852 2483 soli
873 2419 968 2483 bonis
991 2420 1090 2483 naun

137 2506 284 2588 donauit,
319 2508 354 2571 in
383 2527 445 2590 qua
474 2527 534 2570 nee
562 2505 650 2589 rigor
677 2508 726 2567 est
755 2504 873 2568 nimius
901 2502 1017 2568 hiemis
1043 2517 1092 2565 neu

137 2592 229 2654 ardor
258 2591 402 2671 aestatis,
431 2590 466 2653 in
493 2612 556 2673 qua
583 2590 729 2673 segetum
750 2590 844 2653 tanta
865 2587 1045 2652 fecunditas
1064 2584 1093 2647 ut

136 2674 320 2736 muneribus
343 2673 486 2755 utrisque
509 2673 647 2737 sufficiat
670 2677 702 2736 et
724 2672 848 2738 Cereris
872 2675 905 2737 et
926 2672 1045 2755 Liberi,
1066 2668 1094 2733 in

98 2773 125 2812 ao
138 2777 200 2839 qua
228 2777 360 2820 nemore
387 2756 456 2819 sine
483 2756 667 2821 inmanibus
689 2756 812 2839 bestiis,
842 2761 929 2821 terra
952 2758 1022 2821 sine
1042 2774 1095 2819 ser·

137 2839 289 2923 pentibus
311 2840 430 2925 noxiis3
465 2844 575 2905 contra
597 2864 747 2925 pecorum
776 2841 903 2906 mitium
924 2842 1095 2907 innumera

208 3083 221 3131 l
242 3082 418 3131 constantinii
437 3078 484 3146 ιιΙΙ
502 3083 518 3131 4
537 3080 700 3132 conscendit
716 3080 743 3128 Μ
760 3078 770 3146 ΙΙ
788 3083 802 3131 7
822 3095 875 3145 rep.
893 3077 968 3145 Δ118
987 3092 1101 3147 purpure

140 3146 216 3214 0119
235 3150 350 3214 primum
368 3163 393 3197 w
411 3150 468 3200 edd.
486 3147 496 3214 ΙΙ
518 3148 667 3199 reaudire
687 3149 716 3196 e:
736 3148 834 3199 audies
852 3148 879 3197 11
899 3145 910 3213 ΙΙ
934 3150 966 3199 16
984 3148 1102 3214 gyllarur

138 3218 227 3266 AVW
240 3216 383 3282 gylaruslt
397 3216 511 3282 gillarus
524 3219 541 3265 c
554 3213 564 3282 ss
578 3218 609 3266 18
623 3216 722 3281 quippe
735 3219 843 3280 smipai:
858 3232 910 3282 que
923 3220 964 3267 uel
976 3230 1050 3281 quae
1061 3216 1101 3275 Ιῑ

139 3284 215 3336 Iouis
233 3284 326 3336 oblate
343 3287 451 3347 scripsi.-
469 3285 528 3335 ioui
545 3284 659 3335 subrata
676 3283 703 3331 11
720 3283 797 3334 Iouis
815 3285 942 3335 subiecta
960 3285 1022 3335 edd.
1044 3282 1056 3349 1
1077 3282 1103 3332 lt

140 3352 232 3416 pinnis
251 3367 282 3419 ςι
302 3352 376 3418 pinis
392 3353 419 3398 Μ
436 3351 509 3405 Bert.
530 3352 621 3417 (pinus
639 3365 657 3399 u
675 3351 751 3415 prius
770 3365 795 3400 m
808 3350 831 3416 ι)
844 3349 900 3417 110
919 3352 1054 3403 comitata
1071 3362 1105 3399 v:

141 3421 285 3471 continete
301 3421 325 3469 Δ
344 3420 489 3470 continete
506 3420 527 3468 B
543 3420 565 3467 V
583 3419 745 3469 continuata
764 3421 782 3467 c
800 3419 873 3471 Bere.
890 3419 894 3482 Ι
911 3416 1000 3484 eaelo]
1018 3418 1106 3469 telatt

142 3482 154 3547 l!
176 3488 209 3535 24
226 3484 311 3553 atine]
331 3501 385 3537 una
404 3488 537 3538 Acidaliae
549 3485 559 3553 ΙΙ
572 3489 605 3539 25
624 3486 781 3538 donatiuum
798 3486 887 3553 11130
905 3492 997 3539 terras
1013 3486 1038 3536 Δ
1055 3484 1108 3535 Bt
