2406 4012
159 248 220 311 174
471 249 530 300 vn.
559 226 709 299 iusseri
726 246 807 300 aas.

156 401 264 463 mente
293 397 383 463 conci
407 398 453 480 io,
482 400 615 480 quorum
641 416 765 460 summa
791 396 894 461 uirtus
916 397 1133 481 pulcritudini

158 483 330 548 coniuncta
357 420 545 546 caelebratur.
593 501 659 544 non
686 480 807 544 frustra
835 481 920 563 enim
948 480 1132 547 doctissimi

157 568 219 633 uiri
242 568 353 631 dieunt
378 569 527 630 naturam
554 565 658 649 ipsam
684 565 811 649 magnis
840 566 1003 631 mentibus
1027 566 1131 631 domi-

159 652 233 716 cilia
256 671 424 734 corporum
446 650 545 734 digna
566 649 680 714 metari
703 652 736 712 et
757 671 795 713 ex
817 650 909 715 uultu
926 649 1070 716 hominis
1092 673 1129 716 ac

131 736 270 801 adecore
290 736 505 799 membrorum
534 734 642 818 colligi
663 755 771 818 posse,
800 737 945 820 quantus·
961 735 1035 800 illos
1060 757 1129 800 cae

157 820 246 884 lastis
269 819 400 903 spiritus
427 819 557 883 intrarit
578 818 752 883 habitator.
797 819 905 903 itaque
926 823 959 884 te
983 842 1058 885 cum
1080 820 1129 884 in-

155 903 356 990 gredientem
384 904 502 968 milites
530 903 656 986 uident,
688 902 884 968 admirantur
912 912 945 969 et
973 905 1127 1001 diligunt,

157 992 333 1074 sequuntur
355 989 470 1071 oculis,
495 988 601 1053 animo
622 990 750 1072 terrem,
777 987 836 1052 deo
858 1010 892 1052 se
914 989 1048 1073 obsequi
1071 1011 1127 1086 pu·

156 1078 244 1158 tant,
277 1075 365 1139 cuius
388 1077 454 1138 tam
477 1074 589 1158 pulcra
615 1072 719 1137 forma
741 1075 791 1136 est
819 1094 914 1156 quam
937 1076 1026 1137 certa
1047 1073 1126 1137 drui-

117 1159 253 1223 lenitas.

220 1240 340 1306 XVIII.
390 1240 507 1306 Statim
535 1241 635 1326 igitur
667 1245 703 1305 ut
729 1240 857 1305 foedum
890 1240 970 1305 illud
999 1241 1125 1306 facinus

157 1325 337 1409 audierant,
371 1325 455 1389 ultro
483 1347 502 1390 a
530 1328 562 1390 te
588 1325 813 1410 proficiscendi
846 1325 977 1411 signum
1006 1327 1125 1410 petiue-

155 1413 249 1494 runt3
275 1431 346 1474 oum
367 1410 487 1475 uiatioa
500 1410 603 1493 dares,
626 1410 659 1474 id
674 1410 779 1494 ipsum
797 1409 858 1473 sibi
879 1431 1004 1474 moram
1019 1410 1125 1476 facero

157 1495 292 1579 plusque
314 1495 378 1559 iam
400 1517 434 1560 se
456 1517 551 1579 quam
573 1495 736 1560 sufficeret
757 1516 796 1558 ex
817 1494 1044 1580 largitionibus
1062 1496 1125 1561 tuis

120 1599 144 1639 ιε,
157 1580 274 1646 habere
286 1579 444 1646 dixerunt.
468 1580 542 1646 inde
554 1580 689 1664 arreptis
701 1580 798 1643 armis
810 1582 919 1663 portas
930 1580 1124 1663 petiuerunt,

157 1669 207 1730 tot
228 1667 351 1731 dierum
372 1666 433 1730 iter
455 1687 474 1730 a
495 1664 609 1730 Rheno
631 1686 730 1749 usque
753 1664 792 1727 ad
815 1664 945 1728 Ararim
968 1663 1039 1729 sine
1062 1664 1128 1729 ulla

157 1752 266 1835 requie
288 1753 481 1835 peregerunt
506 1749 673 1814 indefessis
701 1749 886 1832 corporibus
932 1749 1049 1813 animis
1071 1750 1125 1813 fla·

157 1836 335 1920 grantibus,
360 1836 523 1899 crescente
544 1834 580 1898 in
597 1834 664 1898 dies
688 1832 799 1897 ardore
820 1799 982 1898 uindictae
1005 1837 1126 1918 quanto

157 1919 289 2002 propius
323 1918 520 1981 accederent.
570 1920 638 1981 tum
670 1916 798 2001 quidam
829 1920 901 2001 tua,
939 1918 1124 2003 imperator,

119 2022 145 2061 ao
158 2023 248 2084 cura,
277 2022 341 2085 qua
368 2001 549 2065 refouendis
578 2023 687 2066 eorum
715 2002 838 2065 uiribus
865 2001 1125 2068 aOabillonensi

157 2088 252 2169 portu
279 2085 410 2170 nauigia
437 2085 641 2169 prouideras,
674 2085 902 2151 festinantibus
930 2108 1033 2171 paene
1055 2109 1125 2166 *nou

157 2169 287 2254 placuit.
332 2169 441 2256 segnis
475 2169 531 2234 ille
563 2175 595 2235 et
623 2171 864 2235 cunctabundus
896 2171 1001 2236 amnis
1035 2194 1125 2237 num·

157 2278 254 2340 quam
274 2256 374 2320 fuisse
397 2253 518 2320 tardior
539 2255 722 2320 uidebatur:
758 2255 875 2320 carinis
896 2256 994 2321 tacite
1016 2256 1126 2321 laben·

157 2342 243 2406 tibus
272 2344 304 2406 et
325 2341 404 2427 ripis
427 2341 514 2406 lente
541 2340 762 2406 recedentibus
791 2344 877 2405 stare
905 2362 955 2423 se,
986 2362 1053 2406 non
1080 2342 1127 2405 ire

35 2502 38 2507 Ι
119 2444 144 2484 aa
159 2426 350 2491 clamabant.
379 2430 448 2490 tum
468 2447 544 2492 uero
567 2449 660 2492 usum
674 2424 790 2510 pedum
812 2424 962 2490 manibus
981 2446 1024 2511 ag
1065 2425 1127 2490 essi

157 2511 328 2576 incubuere
350 2511 495 2596 remigiis
518 2514 550 2575 et
571 2514 720 2576 naturam
734 2509 875 2574 fluminis
890 2531 1017 2595 urguen
1039 2531 1058 2575 o
1080 2511 1126 2574 ui-

159 2599 272 2658 cerunt
304 2598 337 2659 et
364 2596 494 2659 tandem
527 2595 658 2660 eluctati
683 2595 795 2659 Araris
827 2616 934 2658 moras
968 2595 1024 2659 uix
1056 2595 1127 2679 ipso

157 2675 317 2741 Rhodano
340 2677 428 2740 fuere
451 2679 612 2742 contenti:
639 2700 751 2762 parum
773 2678 839 2744 illis
861 2677 1032 2744 uidebatur
1053 2701 1127 2744 con·

159 2761 241 2825 citus
268 2780 374 2843 ruere,
407 2761 513 2824 minus
542 2761 637 2826 solito
666 2762 795 2827 Arelate
822 2784 1004 2847 properare.
1050 2763 1126 2847 quid

120 2866 145 2906 so
158 2842 282 2909 multa?
320 2843 534 2909 confitendum
563 2849 611 2910 est
637 2848 710 2930 tibi,
742 2848 931 2932 imperator:
969 2869 1043 2912 cum
1065 2849 1128 2913 hoc

157 2934 213 2994 tuo
244 2928 356 3014 uigore
391 2929 548 3015 corporis,
586 2930 647 2995 hoc
679 2932 797 2996 mentis
832 2932 944 2997 ardore
972 2933 1127 2998 laborasti

158 3014 319 3078 interdum
355 3017 390 3078 ut
422 3037 517 3099 quem
553 3015 690 3081 ducebas
727 3017 902 3100 sequereris
939 3018 1126 3083 exercitum.

157 3103 249 3165 tanto
272 3101 358 3165 enim
381 3121 492 3165 omnes
513 3101 634 3185 impetu
656 3101 843 3166 ferebantur
865 3104 915 3185 ut,
940 3101 1128 3167 camillum

158 3186 289 3251 Arelate
313 3186 437 3250 deserto
460 3187 690 3269 comperissent
712 3185 815 3250 abisse
836 3185 1028 3268 Massiliam,
1053 3208 1128 3251 con-

227 3378 239 3423 1
259 3379 340 3426 malian
358 3379 449 3427 mente
469 3376 608 3439 conspicio
632 3372 642 3439 l
668 3377 699 3424 14
721 3373 865 3440 plusquam
883 3377 901 3423 c
922 3374 926 3437 Ι
946 3374 1073 3426 sufficere
1093 3377 1128 3425 W

160 3438 172 3507 ll
194 3443 224 3490 15
243 3444 381 3505 petierunt
397 3442 418 3490 B
436 3443 453 3489 0
471 3441 493 3488 V
509 3439 519 3505 ΙΙ
542 3445 572 3492 19
591 3448 649 3491 tum
667 3444 741 3492 edat:
760 3457 820 3491 cum
838 3445 865 3490 Μ
884 3443 959 3494 Bere,
981 3439 992 3507 l
1014 3445 1047 3493 21
1066 3456 1126 3507 pre-

157 3508 347 3628 ppgpraosmllxl
376 3523 464 3574 paene
482 3510 502 3557 B
520 3510 551 3557 ῦς
572 3524 658 3572 prens
675 3509 698 3557 Δ
715 3510 737 3556 V
755 3511 844 3574 preire
864 3524 889 3558 w
918 3508 928 3575 ll
957 3512 991 3563 30
1008 3510 1061 3561 tibi
1079 3511 1127 3561 ad-
