2406 4012
301 100 514 153 ruaouosro
533 100 704 151 aueusro
721 102 755 151 u.
778 102 870 152 8-10.
1005 99 1069 164 279

97 250 149 315 dis
178 252 306 332 tempus
333 248 446 328 dabas,
475 269 542 312 rem
572 252 604 312 et
625 249 744 313 famam
770 250 890 332 pariter
919 251 1069 334 augebas,

98 337 134 399 et
161 334 198 397 in
219 332 351 396 urbibus
373 332 500 416 quidem
527 334 670 397 emnium
698 338 838 398 aetatum
861 334 1071 418 ordinumque

98 418 249 482 homines
270 416 321 480 his
343 422 399 480 aut
419 416 484 480 illis
506 417 671 482 beneficiis
693 418 971 502 apprehendebas,
994 420 1071 482 ami-

100 524 212 567 corum
233 501 397 567 commoda
415 504 641 584 praesentium,
667 503 849 567 absentium
869 503 1002 587 negotia
1024 525 1071 566 as-

99 587 252 651 siduitate
267 585 400 649 consilio
414 608 449 649 re
464 586 606 650 iurabas.
633 587 708 669 iam,
726 586 752 650 si
767 587 941 671 placuisset
955 587 1072 671 oppida
1085 607 1099 646 s

99 691 175 735 rure
190 673 323 753 mutare,
346 672 382 732 ut
396 673 433 734 tu
447 670 534 734 uitae
555 670 673 734 oblitus
688 671 832 735 urbanae
849 671 1072 756 exsequebaris

165 754 296 819 'colaml
335 755 428 818 audio
452 754 561 835 etiam,
584 755 770 837 imperator,
794 760 827 818 et
849 756 953 839 credo,
977 777 1072 839 saepe

98 863 120 904 a
133 840 210 922 iqua
232 843 264 902 te
285 838 431 902 laborum
450 839 511 902 tibi
532 839 595 921 ipsi
617 839 795 903 iniunxisse
818 841 859 922 et,
883 861 926 903 ne
949 844 1072 904 contra-

97 924 195 988 heres
215 926 345 1007 torpore
368 923 509 1005 corporis
529 926 706 1004 ueternum,
731 923 969 1006 cuiusquemodi
992 945 1073 988 sem·

98 1029 161 1092 per
193 1028 289 1090 opere
320 1007 502 1070 insidiantis
536 1007 594 1070 otii
626 1008 755 1070 tersisse
786 1007 978 1092 rubiginem.
1028 1009 1074 1072 sio
1087 1029 1113 1068 ιο

98 1095 247 1176 agrestes
277 1090 380 1174 Curii,
411 1092 456 1156 sic
484 1093 609 1155 ueteres
638 1090 834 1175 Coruncani,
868 1093 914 1156 sic
940 1092 1074 1156 nomina

98 1175 279 1241 reuerenda
293 1174 442 1253 Fabricii,
466 1197 538 1239 oum
560 1175 707 1241 induciae
723 1176 807 1241 bella
830 1177 1074 1261 suspenderant,

99 1262 190 1325 inter
218 1263 325 1324 aratra
353 1260 506 1324 uiuebant
533 1263 581 1343 et,
612 1282 654 1324 ne
681 1262 783 1325 uirtus
811 1263 918 1344 quiete
944 1262 1075 1346 langue-

100 1348 223 1429 sceret,
257 1344 410 1428 depositis
438 1345 473 1407 in
501 1345 624 1428 gremio
648 1344 823 1429 Capitolini
845 1346 930 1409 Iouis
957 1345 1074 1409 laureis

100 1428 315 1513 triumphales
348 1429 412 1492 uiri
442 1430 688 1492 rusticabantur.
733 1430 808 1492 inde
838 1433 886 1492 est
913 1429 998 1512 quod
1024 1451 1074 1493 ac·
1089 1447 1114 1486 15

103 1514 247 1598 cepimus
264 1513 355 1577 datos
378 1512 559 1576 serentibus
575 1514 678 1575 fasces
701 1517 733 1575 et
755 1515 869 1575 missas
893 1533 964 1575 cum
984 1533 1075 1575 curu-

101 1598 190 1662 libus
212 1598 277 1661 suis
299 1618 358 1681 per
379 1618 454 1660 rura
476 1596 651 1679 palmatas,
675 1596 760 1679 quod
782 1596 941 1680 agricolas
963 1617 1076 1659 consu·

102 1683 189 1746 lares
200 1685 408 1765 pastoresque
420 1681 584 1744 trabeatos
600 1683 633 1745 et
644 1680 816 1744 dictatores
831 1681 917 1744 inter
928 1684 1076 1744 armenta
1112 1744 1120 1757 ,

101 1766 249 1830 uestitus.
294 1769 326 1829 et
346 1765 420 1828 illos
443 1765 570 1848 quidem
597 1766 736 1849 angusta
758 1786 809 1828 res
832 1764 1000 1828 familiaris
1023 1763 1076 1827 ad-

103 1850 231 1915 dicebat
252 1849 365 1932 labori,
388 1852 425 1913 ut
446 1849 561 1933 quibus
582 1849 661 1932 ipsis
684 1849 858 1914 suburbani
878 1850 964 1914 horti
986 1871 1075 1932 prae·
1089 1867 1114 1906 2⁰

104 1955 243 2018 cepsque
264 1933 442 1998 Ianiculum
467 1937 500 1997 et
521 1934 634 2018 iugera
656 1938 761 1999 artata
782 1935 926 2018 pomerio
948 1956 1076 1998 uomere

105 2021 213 2083 essent
239 2022 295 2082 aut
316 2018 427 2102 ligone
455 2018 614 2082 uersanda
640 2041 701 2083 nec
722 2020 841 2083 iniuria
868 2041 947 2101 opus
972 2041 1076 2082 reuer-

104 2106 226 2168 teretur
255 2102 296 2166 ad
322 2102 486 2184 dominos,
517 2124 588 2166 cum
617 2102 750 2166 deerant
777 2104 892 2186 quibus
920 2099 1076 2165 iuberent.

107 2187 249 2252 detrahit
269 2187 396 2251 laudem
418 2186 595 2269 patientiae
620 2187 747 2268 inopia:
780 2186 911 2249 maioris
940 2185 1077 2268 exempli

107 2276 157 2336 est
177 2272 269 2336 labor
292 2271 360 2335 sine
382 2270 585 2334 necessitate.
1088 2288 1114 2327 aa

169 2356 209 2421 X.
261 2355 411 2420 Gaudent
437 2353 581 2438 profecto
609 2357 764 2437 perpetuo
794 2354 902 2416 diuina
929 2355 1017 2416 motu
1045 2356 1078 2416 et

106 2440 448 2589 barabba?
463 2441 609 2588 stult
642 2437 909 2587 atlidlllads
926 2437 1078 2586 ‘tthul‘l

107 2608 270 2673 indefessa
296 2608 423 2693 uertigo
456 2608 579 2673 caelum
606 2573 705 2691 iotat,
743 2610 779 2671 ut
805 2608 908 2671 maria
936 2607 1077 2672 aestibus

177 2884 190 2930 1
214 2898 284 2941 rem3
311 2889 373 2944 pulo
398 2897 473 2946 spem
504 2879 514 2946 11
543 2882 559 2929 4
586 2880 773 2944 praesentium
801 2882 905 2929 addidi:
935 2897 981 2930 om.
1003 2881 1031 2927 Η
1062 2877 1075 2943 11

108 2951 123 2999 l
142 2947 237 3015 etiam]
258 2949 330 2998 enim
348 2948 495 3013 Sclefferua
512 2947 522 3012 ΙΙ
539 2949 555 2997 8
574 2948 628 3011 ipsi
646 2963 692 3000 om.
706 2949 736 3006 ὓς
754 2949 836 2995 malim
852 2947 942 3008 ipsum
959 2944 969 3010 1
987 2949 1003 2996 9
1022 2950 1077 2996 tor·

107 3032 173 3082 porc
193 3017 315 3081 corporis
332 3019 440 3080 scripsi:
458 3015 576 3080 torporis
594 3015 617 3062 A
635 3017 652 3064 0
669 3015 702 3063 W
720 3015 843 3076 corporis
861 3013 922 3061 BV
948 3011 952 3071 1
986 3014 1078 3062 cuius-

107 3084 236 3148 quemodi
254 3085 401 3136 Liuineius:
428 3081 608 3133 cuiuscemodi
624 3083 651 3130 11
676 3080 853 3145 (eiuscemodi
871 3080 913 3140 W)
943 3076 953 3143 11
984 3081 1015 3129 15
1036 3086 1079 3130 est

125 3149 193 3217 uod]
215 3152 324 3217 quidem
341 3152 372 3200 W
401 3149 411 3215 l
441 3152 473 3198 16
496 3151 587 3200 fasces
606 3149 639 3197 W
667 3146 677 3212 ΙΙ
708 3151 739 3198 17
761 3145 831 3214 suis]
853 3147 928 3198 sellis
947 3149 1079 3196 Puteanus

107 3167 125 3284 11
151 3222 184 3269 19
201 3226 229 3269 et
244 3221 353 3282 scripsi:
378 3217 428 3269 sed
444 3220 472 3266 Η
495 3217 500 3279 Ι
524 3222 643 3282 augusta
660 3218 683 3264 A
712 3215 722 3281 11
752 3220 785 3267 20
805 3222 865 3280 post
884 3215 982 3279 quibus
1001 3214 1077 3264 Bert.

105 3286 237 3337 uidelicet
254 3288 346 3344 addit!
362 3287 417 3350 ipsi
434 3299 458 3333 w
478 3283 488 3349 1
509 3286 542 3334 26
561 3290 692 3349 perpetuo
710 3291 770 3334 unte
788 3283 915 3348 profecto
933 3284 1047 3332 iterate
1072 3280 1076 3346 1

107 3361 214 3419 perpet.
234 3354 317 3404 diuin.
335 3353 427 3405 Bert:
449 3352 534 3402 diuin.
554 3357 656 3416 perpet.
674 3354 702 3400 Η
730 3349 741 3416 1
771 3353 803 3402 28
824 3353 919 3400 uestra
936 3349 959 3398 A
977 3351 1008 3398 G:
1032 3365 1079 3398 no·

109 3426 169 3472 stra
186 3422 207 3470 B
225 3423 247 3469 V
264 3422 297 3470 W
