2406 4012
134 189 175 253 12
455 193 477 242 1.
506 189 535 240 c.
554 189 671 243 enirn
689 190 771 240 rau.
1112 39 1150 329 ἲ

198 339 271 404 ΧΠ.
296 340 341 404 At
356 360 443 403 nunc
460 338 556 403 rediit
567 338 717 403 omnibus
732 341 834 402 terror
846 341 878 403 et
888 341 995 403 metus
1008 343 1041 404 et
1052 363 1111 405 uo·
1142 332 1150 443 l

133 430 202 488 tum
217 427 373 508 imperata
394 423 543 487 faciendi.
567 422 678 486 uident
692 424 779 486 enim
793 422 975 488 Romanum
991 424 1110 490 ducem
1147 478 1150 499 .

113 533 231 573 ‘unum
254 531 293 573 ex
314 507 379 571 illis
400 508 562 571 ueteribus
585 510 617 571 et
638 507 763 590 priscis,
787 507 902 590 quibus
931 508 1106 592 imperato·
1141 518 1150 613 j

134 596 216 657 rium
246 614 365 656 nomen
393 591 552 655 addebant
580 593 721 655 contecti
749 591 901 656 caedibus
936 596 1044 677 campi
1073 599 1108 658 et
1148 616 1150 667 ζ

109 678 254 741 sinfecta
275 675 421 740 uictoriis
443 676 553 739 maria.
589 676 762 758 accipimus
778 676 905 741 obsides
921 698 1012 762 ergo,
1036 700 1106 743 non
1144 692 1150 755 ξ.

135 761 280 841 emimus,
304 781 364 824 nec
386 760 573 844 ingentibus
597 760 723 823 damnis
744 761 971 844 immensisque
993 780 1108 827 mune·
1148 760 1150 777 '

134 845 222 908 ribus
248 844 440 929 paciscimur
468 847 504 907 ut
529 844 709 908 uicerimus.
748 848 874 930 rogant,
902 847 1109 935 supplicant·r
1144 830 1150 905 l

134 931 300 1014 largimur,
323 949 490 1013 negamus,
514 931 682 1011 utrumque
705 951 743 992 ex
769 929 895 1013 imperii
918 930 1108 997 maiestate:
1148 948 1150 1017 ξ

136 1017 238 1099 agunt
259 1014 381 1098 gratias
403 1013 458 1096 qui
479 1013 747 1096 impetrauerant,
777 1035 844 1078 non
871 1014 991 1078 audent
1014 1016 1108 1099 queri
1146 1026 1150 1085 ἱ

96 1117 121 1156 10
135 1098 250 1182 quibus
271 1101 425 1181 negatum
448 1100 506 1162 est.
553 1118 594 1160 an
617 1098 756 1161 audeant
783 1098 837 1181 qui
868 1097 972 1162 sciant
993 1102 1029 1163 te
1052 1101 1106 1163 ad·
1145 1096 1150 1157 ἶ

135 1182 254 1245 sedisse
280 1181 489 1245 ferocissimis
516 1182 643 1264 populis
677 1203 713 1245 eo
742 1182 811 1265 ipso
845 1185 990 1265 tempore
1019 1185 1105 1268 quod

135 1266 365 1329 amicissimum
379 1265 455 1347 illis,
480 1265 705 1330 difficillimum
720 1267 821 1348 nobis,
848 1288 919 1330 cum
934 1266 1106 1333 Danuuius
1146 1268 1150 1277 '

134 1351 222 1430 ripas
250 1351 325 1434 gelu
348 1351 458 1434 iungit
489 1349 682 1433 duratusque
710 1351 813 1434 glacie
841 1351 988 1435 ingentia
1010 1355 1108 1438 tergo

135 1433 219 1498 bella
240 1436 450 1516 transportat,
476 1455 548 1497 cum
570 1434 656 1498 ferae
679 1438 793 1519 gentes
815 1457 881 1499 non
903 1436 977 1500 telis
999 1438 1108 1523 magis

97 1537 123 1575 15
136 1541 232 1603 quam
260 1540 317 1583 suo
341 1518 441 1601 caele,
470 1518 652 1582 succidere
682 1521 870 1583 armantur?
904 1519 960 1584 sed
990 1522 1048 1586 ubi
1071 1523 1106 1586 in

133 1604 279 1687 proximo
314 1606 360 1686 tu,
393 1625 461 1667 non
492 1624 582 1667 secus
617 1624 655 1666 ac
688 1604 715 1666 si
747 1607 889 1668 mutatae
922 1608 1107 1690 temporum

134 1689 221 1752 uices
250 1692 367 1771 essent,
397 1687 445 1751 illi
472 1687 600 1770 quidem
628 1687 770 1751 latibulis
798 1688 864 1752 suis
893 1691 991 1753 clausi
1018 1695 1106 1756 tene-

134 1773 268 1854 bantur,
297 1777 407 1837 nostra
437 1771 568 1855 agmina
602 1793 787 1855 percursare
821 1773 908 1856 ripas
936 1776 969 1837 et
997 1775 1108 1839 aliena

135 1856 313 1938 occasione,
338 1857 365 1920 si
387 1856 598 1939 permitteres,
622 1857 670 1919 uti
690 1857 836 1941 ultroque
858 1857 996 1921 hiemem
1013 1881 1108 1924 suam

96 1960 122 2000 20
135 1939 280 2003 barbaris
302 1941 423 2004 inferre
444 1939 639 2022 gaudebant.

198 2023 287 2087 XIII.
303 2023 393 2088 Haec
408 2023 468 2087 tibi
483 2025 567 2106 apud
582 2025 690 2089 hostes
705 2027 881 2090 ueneratio,
905 2026 1005 2109 quid?
1020 2030 1108 2111 apud

135 2108 254 2176 milites
282 2130 378 2191 quam
410 2108 651 2173 admirationem
681 2110 945 2192 quemadmodum
975 2132 1108 2196 compa·

134 2191 239 2256 rasti?
276 2215 348 2257 cum
379 2196 485 2258 tecum
518 2194 669 2275 inediam,
704 2197 809 2258 tecum
842 2194 965 2258 ferrent
999 2197 1108 2280 sitim3

135 2299 206 2341 cum
229 2278 264 2341 in
285 2277 341 2341 illa
362 2278 569 2343 meditatione
584 2279 757 2360 campestri
772 2278 965 2342 militaribus
987 2283 1106 2345 turmis

95 2382 121 2420 aa
134 2363 372 2445 imperatorium
394 2363 558 2446 puluerem
586 2362 795 2446 sudoremque
822 2364 986 2448 misceres,
1021 2365 1108 2430 nihil

134 2469 153 2510 a
179 2447 298 2511 ceteris
320 2448 384 2512 nisi
409 2447 523 2512 robore
551 2469 588 2511 ac
610 2448 808 2529 praestantia
833 2450 977 2513 diuersas
1000 2449 1108 2514 libero

133 2531 237 2594 Marte
258 2554 346 2595 nunc
369 2532 493 2597 eminus
514 2531 580 2594 tela
603 2531 745 2596 uibrares
772 2553 858 2596 nunc
886 2532 1015 2596 uibrata
1037 2556 1106 2599 sus·

135 2615 265 2697 ciperes,
294 2616 398 2678 alacer
426 2615 544 2679 uirtute
571 2615 710 2679 militum
740 2619 773 2680 et
805 2618 917 2698 laetus,
951 2620 1106 2701 quotiens

135 2701 191 2760 aut
218 2697 334 2761 cassidi
361 2702 436 2763 tuae
469 2701 524 2763 aut
552 2699 652 2782 clipeo
679 2701 809 2785 grauior
836 2701 918 2765 ictus
946 2702 1119 2768 incideret.

95 2802 121 2841 ao
137 2782 297 2862 (laudabas
315 2782 432 2866 quippe
452 2783 604 2848 ferientes
627 2783 870 2868 hortabarisque
885 2788 921 2848 ut
935 2787 1105 2871 auderent,

135 2869 168 2930 et
191 2865 352 2930 audebant
372 2867 466 2954 iam);
498 2889 569 2932 cum
598 2873 759 2955 spectator
787 2871 1027 2954 eruderatorque
1054 2873 1104 2936 in-

133 3014 212 3022 -.-.--
226 3015 338 3023 -——.--—.

203 3105 332 3157 tuident
349 3109 393 3157 W:
411 3108 591 3159 uidetacv
620 3107 630 3174 ΙΙ
660 3111 891 3175 simperatorum
908 3110 958 3159 ΟΒ
988 3108 998 3175 ΙΙ
1028 3112 1105 3162 bin·

134 3173 293 3239 digentibus
311 3176 331 3224 B
347 3171 352 3239 Ι
368 3176 475 3227 damnis
488 3190 525 3225 w:
545 3176 641 3228 damus
652 3180 680 3225 Ι
692 3176 702 3242 ΙΙ
716 3181 730 3228 7
743 3177 908 3242 paciscimur
925 3178 989 3226 BV:
1009 3182 1105 3243 pasci-

134 3257 193 3291 mur
213 3242 274 3289 (ΠΙ
291 3240 301 3308 ΙΙ
319 3245 351 3293 10
369 3259 404 3293 an
423 3260 470 3294 om.
490 3245 530 3305 W,
553 3247 614 3298 cdd.
633 3262 663 3294 m.
681 3262 735 3298 rec.
755 3244 760 3310 Ι
780 3246 922 3296 absedisse
940 3246 1000 3295 BV
1029 3243 1040 3310 ΙΙ
1069 3249 1107 3298 24

133 3309 315 3360 meditatione
334 3318 495 3374 corruptum
512 3313 679 3363 uelitatione
697 3314 867 3364 Mommeemm
891 3310 900 3379 ΙΙ
924 3315 958 3364 26
976 3313 1104 3366 diuersus

133 3377 238 3427 addidi:
256 3393 303 3427 orn.
322 3380 349 3425 Η
367 3378 498 3427 differens
517 3394 534 3443 ς
552 3380 660 3429 distans
682 3381 833 3431 Duebnerus
857 3381 951 3446 dispar
972 3394 997 3429 w
1028 3379 1039 3446 ΙΙ
1068 3384 1103 3432 a?

134 3444 256 3494 cominus
274 3448 315 3511 Ι,
335 3461 404 3497 corr.
424 3445 454 3499 G.
475 3446 508 3498 H.
528 3446 684 3508 Sclaeferus
710 3447 714 3512 Ι
741 3449 865 3500 uibrares
883 3464 921 3497 m:
941 3448 1057 3500 librares
1074 3451 1104 3497 1

136 3514 139 3573 ξ
159 3510 259 3561 librata
278 3527 293 3578 ς
323 3510 333 3577 ΙΙ
361 3514 393 3564 31
413 3516 551 3577 spectator
568 3513 780 3580 moderatorque
799 3531 828 3582 g:
852 3519 1049 3583 spectatorque
1066 3518 1104 3572 H.
