<?xml version="1.0" encoding="UTF-8"?>
<!DOCTYPE html PUBLIC "-//W3C//DTD XHTML 1.0 Transitional//EN"
    "http://www.w3.org/TR/xhtml1/DTD/xhtml1-transitional.dtd">
<html xmlns="http://www.w3.org/1999/xhtml" xml:lang="en" lang="en">
 <head>
  <title>
</title>
<meta http-equiv="Content-Type" content="text/html;charset=utf-8" />
  <meta name='ocr-system' content='tesseract 3.04.00' />
  <meta name='ocr-capabilities' content='ocr_page ocr_carea ocr_par ocr_line ocrx_word'/>
</head>
<body>
  <div class='ocr_page' id='page_1' title='image "./xiipanegyricila01baehgoog_0085.png"; bbox 0 0 2394 3990; ppageno 0'>
   <div class='ocr_carea' id='block_1_1' title="bbox 192 208 829 274">
    <p class='ocr_par' dir='ltr' id='par_1_1' title="bbox 192 208 829 274">
     <span class='ocr_line' id='line_1_1' title="bbox 192 208 829 274; baseline -0.005 -13"><span class='ocrx_word' id='word_1_1' title='bbox 192 208 234 274; x_wconf 82' lang='grc'>52</span> <span class='ocrx_word' id='word_1_2' title='bbox 513 210 536 261; x_wconf 93' lang='lat'>1.</span> <span class='ocrx_word' id='word_1_3' title='bbox 569 209 732 261; x_wconf 78' lang='lat' dir='ltr'>0.PL1N11</span> <span class='ocrx_word' id='word_1_4' title='bbox 749 208 829 259; x_wconf 75' lang='lat' dir='ltr'>Plu.</span> 
     </span>
    </p>
   </div>
   <div class='ocr_carea' id='block_1_2' title="bbox 155 356 1197 3140">
    <p class='ocr_par' dir='ltr' id='par_1_2' title="bbox 155 356 1197 3140">
     <span class='ocr_line' id='line_1_2' title="bbox 193 356 1160 441; baseline -0.003 -16"><span class='ocrx_word' id='word_1_5' title='bbox 193 381 253 425; x_wconf 91' lang='lat' dir='ltr'>nec</span> <span class='ocrx_word' id='word_1_6' title='bbox 279 359 416 423; x_wconf 90' lang='lat' dir='ltr'>fascium</span> <span class='ocrx_word' id='word_1_7' title='bbox 442 360 568 422; x_wconf 89' lang='lat' dir='ltr'>tantum</span> <span class='ocrx_word' id='word_1_8' title='bbox 596 357 652 422; x_wconf 89' lang='lat' dir='ltr'>sed</span> <span class='ocrx_word' id='word_1_9' title='bbox 678 358 817 441; x_wconf 89' lang='lat' dir='ltr'>pilorum</span> <span class='ocrx_word' id='word_1_10' title='bbox 849 358 1078 441; x_wconf 82' lang='lat' dir='ltr'>signorumque</span> <span class='ocrx_word' id='word_1_11' title='bbox 1104 356 1160 422; x_wconf 92' lang='lat' dir='ltr'>ho-</span> 
     </span>
     <span class='ocr_line' id='line_1_3' title="bbox 193 442 1160 526; baseline -0.002 -17"><span class='ocrx_word' id='word_1_12' title='bbox 193 466 273 509; x_wconf 85' lang='lat' dir='ltr'>nore</span> <span class='ocrx_word' id='word_1_13' title='bbox 290 442 528 508; x_wconf 86' lang='lat' dir='ltr'>circumdatum.</span> <span class='ocrx_word' id='word_1_14' title='bbox 555 442 718 526; x_wconf 77' lang='lat' dir='ltr'>augebant</span> <span class='ocrx_word' id='word_1_15' title='bbox 732 443 933 506; x_wconf 88' lang='lat' dir='ltr'>maiestatem</span> <span class='ocrx_word' id='word_1_16' title='bbox 947 442 1160 525; x_wconf 84' lang='lat' dir='ltr'>praesidentis</span> 
     </span>
     <span class='ocr_line' id='line_1_4' title="bbox 195 525 1159 611; baseline -0.002 -18"><span class='ocrx_word' id='word_1_17' title='bbox 195 529 313 593; x_wconf 91' lang='lat' dir='ltr'>diuersi</span> <span class='ocrx_word' id='word_1_18' title='bbox 330 525 563 611; x_wconf 78' lang='lat' dir='ltr'>postulantium</span> <span class='ocrx_word' id='word_1_19' title='bbox 585 526 714 591; x_wconf 88' lang='lat' dir='ltr'>habitus</span> <span class='ocrx_word' id='word_1_20' title='bbox 737 547 775 591; x_wconf 91' lang='lat' dir='ltr'>ac</span> <span class='ocrx_word' id='word_1_21' title='bbox 787 526 936 590; x_wconf 91' lang='lat' dir='ltr'>dissonae</span> <span class='ocrx_word' id='word_1_22' title='bbox 958 547 1054 592; x_wconf 90' lang='lat' dir='ltr'>uoces</span> <span class='ocrx_word' id='word_1_23' title='bbox 1077 548 1159 591; x_wconf 86' lang='lat' dir='ltr'>rara·</span> 
     </span>
     <span class='ocr_line' id='line_1_5' title="bbox 195 610 1160 697; baseline 0 -22"><span class='ocrx_word' id='word_1_24' title='bbox 195 635 255 697; x_wconf 91' lang='lat' dir='ltr'>que</span> <span class='ocrx_word' id='word_1_25' title='bbox 281 613 349 676; x_wconf 90' lang='lat' dir='ltr'>sine</span> <span class='ocrx_word' id='word_1_26' title='bbox 371 612 545 694; x_wconf 70' lang='lat' dir='ltr'>interprete</span> <span class='ocrx_word' id='word_1_27' title='bbox 567 612 680 674; x_wconf 90' lang='lat' dir='ltr'>oratio.</span> <span class='ocrx_word' id='word_1_28' title='bbox 722 610 929 694; x_wconf 80' lang='lat' dir='ltr'>magnificum</span> <span class='ocrx_word' id='word_1_29' title='bbox 960 614 1012 674; x_wconf 91' lang='lat' dir='ltr'>est</span> <span class='ocrx_word' id='word_1_30' title='bbox 1039 611 1160 677; x_wconf 88' lang='lat' dir='ltr'>ciuibus</span> 
     </span>
     <span class='ocr_line' id='line_1_6' title="bbox 168 694 1197 779; baseline 0.003 -23"><span class='ocrx_word' id='word_1_31' title='bbox 168 698 272 774; x_wconf 80' lang='lat' dir='ltr'>siura,</span> <span class='ocrx_word' id='word_1_32' title='bbox 297 694 372 779; x_wconf 89' lang='lat' dir='ltr'>quid</span> <span class='ocrx_word' id='word_1_33' title='bbox 394 695 539 760; x_wconf 86' lang='lat' dir='ltr'>hostibus</span> <span class='ocrx_word' id='word_1_34' title='bbox 561 695 715 759; x_wconf 81' lang='lat' dir='ltr'>reddere?</span> <span class='ocrx_word' id='word_1_35' title='bbox 753 694 932 779; x_wconf 89' lang='lat' dir='ltr'>speciosum</span> <span class='ocrx_word' id='word_1_36' title='bbox 956 697 1078 759; x_wconf 90' lang='lat' dir='ltr'>certam</span> <span class='ocrx_word' id='word_1_37' title='bbox 1099 694 1161 760; x_wconf 83' lang='lat' dir='ltr'>fori</span> <span class='ocrx_word' id='word_1_38' title='bbox 1185 722 1197 777; x_wconf 67' lang='lat' dir='ltr'><em>j</em></span> 
     </span>
     <span class='ocr_line' id='line_1_7' title="bbox 194 779 1197 864; baseline 0.002 -20"><span class='ocrx_word' id='word_1_39' title='bbox 194 802 317 864; x_wconf 83' lang='lat' dir='ltr'>pacem,</span> <span class='ocrx_word' id='word_1_40' title='bbox 346 781 422 863; x_wconf 93' lang='lat' dir='ltr'>quid</span> <span class='ocrx_word' id='word_1_41' title='bbox 449 781 606 844; x_wconf 90' lang='lat' dir='ltr'>immanes</span> <span class='ocrx_word' id='word_1_42' title='bbox 630 801 758 863; x_wconf 90' lang='lat' dir='ltr'>campos</span> <span class='ocrx_word' id='word_1_43' title='bbox 786 779 864 844; x_wconf 91' lang='lat' dir='ltr'>sella</span> <span class='ocrx_word' id='word_1_44' title='bbox 891 780 993 843; x_wconf 88' lang='lat' dir='ltr'>curuli</span> <span class='ocrx_word' id='word_1_45' title='bbox 1014 780 1160 845; x_wconf 87' lang='lat' dir='ltr'>uictoris·</span> <span class='ocrx_word' id='word_1_46' title='bbox 1196 787 1197 790; x_wconf 72' lang='grc'>’</span> 
     </span>
     <span class='ocr_line' id='line_1_8' title="bbox 195 863 1197 950; baseline 0.002 -21"><span class='ocrx_word' id='word_1_47' title='bbox 195 886 256 948; x_wconf 91' lang='lat' dir='ltr'>que</span> <span class='ocrx_word' id='word_1_48' title='bbox 278 865 416 950; x_wconf 84' lang='lat' dir='ltr'>uestigio</span> <span class='ocrx_word' id='word_1_49' title='bbox 439 886 594 948; x_wconf 86' lang='lat' dir='ltr'>premere,</span> <span class='ocrx_word' id='word_1_50' title='bbox 616 865 783 928; x_wconf 90' lang='lat' dir='ltr'>imminere</span> <span class='ocrx_word' id='word_1_51' title='bbox 810 863 989 928; x_wconf 84' lang='lat' dir='ltr'>minacibus</span> <span class='ocrx_word' id='word_1_52' title='bbox 1010 864 1092 948; x_wconf 88' lang='lat' dir='ltr'>ripis</span> <span class='ocrx_word' id='word_1_53' title='bbox 1113 867 1161 931; x_wconf 88' lang='lat' dir='ltr'>tu·</span> <span class='ocrx_word' id='word_1_54' title='bbox 1193 875 1197 926; x_wconf 79' lang='grc' dir='ltr'><em>ξ</em></span> 
     </span>
     <span class='ocr_line' id='line_1_9' title="bbox 194 947 1191 1034; baseline 0.001 -21"><span class='ocrx_word' id='word_1_55' title='bbox 194 953 263 1014; x_wconf 93' lang='lat' dir='ltr'>tum</span> <span class='ocrx_word' id='word_1_56' title='bbox 286 951 501 1034; x_wconf 90' lang='lat' dir='ltr'>quietumque,</span> <span class='ocrx_word' id='word_1_57' title='bbox 530 970 679 1032; x_wconf 88' lang='lat' dir='ltr'>spernere</span> <span class='ocrx_word' id='word_1_58' title='bbox 705 947 859 1012; x_wconf 89' lang='lat' dir='ltr'>barbaros</span> <span class='ocrx_word' id='word_1_59' title='bbox 888 947 1037 1013; x_wconf 83' lang='lat' dir='ltr'>fremitus</span> <span class='ocrx_word' id='word_1_60' title='bbox 1063 949 1160 1015; x_wconf 83' lang='lat' dir='ltr'>hosti·</span> <span class='ocrx_word' id='word_1_61' title='bbox 1189 987 1191 990; x_wconf 95' lang='lat'>·</span> 
     </span>
     <span class='ocr_line' id='line_1_10' title="bbox 194 1033 1194 1131; baseline 0.002 -34"><span class='ocrx_word' id='word_1_62' title='bbox 194 1034 319 1118; x_wconf 90' lang='lat' dir='ltr'>lemque</span> <span class='ocrx_word' id='word_1_63' title='bbox 341 1040 496 1098; x_wconf 90' lang='lat' dir='ltr'>terrorem</span> <span class='ocrx_word' id='word_1_64' title='bbox 510 1054 576 1096; x_wconf 92' lang='lat' dir='ltr'>non</span> <span class='ocrx_word' id='word_1_65' title='bbox 599 1053 760 1095; x_wconf 93' lang='lat' dir='ltr'>armorum</span> <span class='ocrx_word' id='word_1_66' title='bbox 774 1033 878 1117; x_wconf 83' lang='lat' dir='ltr'>magis</span> <span class='ocrx_word' id='word_1_67' title='bbox 893 1052 990 1116; x_wconf 90' lang='lat' dir='ltr'>quam</span> <span class='ocrx_word' id='word_1_68' title='bbox 1010 1036 1161 1131; x_wconf 78' lang='lat' dir='ltr'>togarum</span> <span class='ocrx_word' id='word_1_69' title='bbox 1192 1045 1194 1052; x_wconf 80' lang='grc'>’</span> 
     </span>
     <span class='ocr_line' id='line_1_11' title="bbox 158 1116 1188 1267; baseline 0.005 -91"><span class='ocrx_word' id='word_1_70' title='bbox 158 1139 182 1177; x_wconf 88' lang='lat'>10</span> <span class='ocrx_word' id='word_1_71' title='bbox 195 1119 411 1182; x_wconf 82' lang='lat' dir='ltr'>ostentatione</span> <span class='ocrx_word' id='word_1_72' title='bbox 428 1116 651 1199; x_wconf 79' lang='lat' dir='ltr'>compescere?</span> <span class='ocrx_word' id='word_1_73' title='bbox 673 1116 782 1199; x_wconf 90' lang='lat' dir='ltr'>itaque</span> <span class='ocrx_word' id='word_1_74' title='bbox 797 1137 865 1180; x_wconf 92' lang='lat' dir='ltr'>non</span> <span class='ocrx_word' id='word_1_75' title='bbox 886 1119 919 1181; x_wconf 88' lang='lat' dir='ltr'>te</span> <span class='ocrx_word' id='word_1_76' title='bbox 941 1118 1027 1201; x_wconf 91' lang='lat' dir='ltr'>apud</span> <span class='ocrx_word' id='word_1_77' title='bbox 1049 1118 1161 1267; x_wconf 46' lang='lat' dir='ltr'>mg·</span> <span class='ocrx_word' id='word_1_78' title='bbox 1186 1149 1188 1152; x_wconf 95' lang='lat'>·</span> 
     </span>
     <span class='ocr_line' id='line_1_12' title="bbox 195 1200 1115 1285; baseline 0.003 -21"><span class='ocrx_word' id='word_1_79' title='bbox 195 1223 264 1283; x_wconf 89' lang='lat' dir='ltr'>nes,</span> <span class='ocrx_word' id='word_1_80' title='bbox 288 1201 343 1264; x_wconf 90' lang='lat' dir='ltr'>sed</span> <span class='ocrx_word' id='word_1_81' title='bbox 366 1202 470 1284; x_wconf 91' lang='lat' dir='ltr'>ipsum</span> <span class='ocrx_word' id='word_1_82' title='bbox 492 1203 695 1283; x_wconf 87' lang='lat' dir='ltr'>praesentem</span> <span class='ocrx_word' id='word_1_83' title='bbox 717 1200 960 1285; x_wconf 85' lang='lat' dir='ltr'>audientemque</span> <span class='ocrx_word' id='word_1_84' title='bbox 982 1202 1115 1267; x_wconf 85' lang='lat' dir='ltr'>consalu</span> 
     </span>
     <span class='ocr_line' id='line_1_13' title="bbox 193 1285 1160 1370; baseline 0.004 -22"><span class='ocrx_word' id='word_1_85' title='bbox 193 1285 274 1348; x_wconf 91' lang='lat' dir='ltr'>bant</span> <span class='ocrx_word' id='word_1_86' title='bbox 310 1285 550 1368; x_wconf 88' lang='lat' dir='ltr'>imperatorem,</span> <span class='ocrx_word' id='word_1_87' title='bbox 588 1305 784 1368; x_wconf 87' lang='lat' dir='ltr'>nomenque,</span> <span class='ocrx_word' id='word_1_88' title='bbox 822 1285 906 1370; x_wconf 89' lang='lat' dir='ltr'>quod</span> <span class='ocrx_word' id='word_1_89' title='bbox 942 1285 999 1350; x_wconf 91' lang='lat' dir='ltr'>alii</span> <span class='ocrx_word' id='word_1_90' title='bbox 1034 1286 1160 1351; x_wconf 86' lang='lat' dir='ltr'>domitis</span> 
     </span>
     <span class='ocr_line' id='line_1_14' title="bbox 192 1369 1184 1457; baseline 0.002 -25"><span class='ocrx_word' id='word_1_91' title='bbox 192 1369 349 1451; x_wconf 84' lang='lat' dir='ltr'>hostibus,</span> <span class='ocrx_word' id='word_1_92' title='bbox 372 1372 408 1433; x_wconf 90' lang='lat' dir='ltr'>tu</span> <span class='ocrx_word' id='word_1_93' title='bbox 431 1369 622 1452; x_wconf 90' lang='lat' dir='ltr'>contemptis</span> <span class='ocrx_word' id='word_1_94' title='bbox 643 1370 817 1434; x_wconf 83' lang='lat' dir='ltr'>merebere.</span> <span class='ocrx_word' id='word_1_95' title='bbox 1178 1378 1184 1457; x_wconf 44' lang='grc' dir='ltr'>ζ</span> 
     </span>
     <span class='ocr_line' id='line_1_15' title="bbox 257 1452 1161 1538; baseline 0.003 -22"><span class='ocrx_word' id='word_1_96' title='bbox 257 1452 358 1518; x_wconf 84' lang='lat' dir='ltr'><strong>LVII.</strong></span> <span class='ocrx_word' id='word_1_97' title='bbox 381 1453 470 1517; x_wconf 90' lang='lat' dir='ltr'>Haec</span> <span class='ocrx_word' id='word_1_98' title='bbox 490 1454 559 1517; x_wconf 90' lang='lat' dir='ltr'>laus</span> <span class='ocrx_word' id='word_1_99' title='bbox 581 1454 646 1518; x_wconf 90' lang='lat' dir='ltr'>aeti</span> <span class='ocrx_word' id='word_1_100' title='bbox 667 1453 864 1538; x_wconf 59' lang='lat' dir='ltr'>consulatum</span> <span class='ocrx_word' id='word_1_101' title='bbox 886 1453 945 1517; x_wconf 90' lang='lat' dir='ltr'>illa</span> <span class='ocrx_word' id='word_1_102' title='bbox 965 1453 1056 1519; x_wconf 86' lang='lat' dir='ltr'>dilati</span> <span class='ocrx_word' id='word_1_103' title='bbox 1078 1452 1161 1538; x_wconf 83' lang='lat' dir='ltr'>quod</span> 
     </span>
     <span class='ocr_line' id='line_1_16' title="bbox 156 1537 1181 1623; baseline 0.008 -26"><span class='ocrx_word' id='word_1_104' title='bbox 156 1557 180 1598; x_wconf 84' lang='lat'>15</span> <span class='ocrx_word' id='word_1_105' title='bbox 196 1537 299 1603; x_wconf 88' lang='lat' dir='ltr'>adhuc</span> <span class='ocrx_word' id='word_1_106' title='bbox 320 1538 415 1603; x_wconf 90' lang='lat' dir='ltr'>initio</span> <span class='ocrx_word' id='word_1_107' title='bbox 437 1539 645 1623; x_wconf 89' lang='lat' dir='ltr'>principatus,</span> <span class='ocrx_word' id='word_1_108' title='bbox 668 1543 705 1602; x_wconf 92' lang='lat' dir='ltr'>ut</span> <span class='ocrx_word' id='word_1_109' title='bbox 725 1539 791 1602; x_wconf 89' lang='lat' dir='ltr'>iam</span> <span class='ocrx_word' id='word_1_110' title='bbox 803 1541 970 1603; x_wconf 86' lang='lat' dir='ltr'>excuratus</span> <span class='ocrx_word' id='word_1_111' title='bbox 985 1538 1159 1605; x_wconf 86' lang='lat' dir='ltr'>honoribus</span> <span class='ocrx_word' id='word_1_112' title='bbox 1178 1584 1181 1591; x_wconf 91' lang='lat'>-</span> 
     </span>
     <span class='ocr_line' id='line_1_17' title="bbox 195 1623 1178 1706; baseline 0 -18"><span class='ocrx_word' id='word_1_113' title='bbox 195 1626 227 1688; x_wconf 89' lang='lat' dir='ltr'>et</span> <span class='ocrx_word' id='word_1_114' title='bbox 249 1623 403 1706; x_wconf 88' lang='lat' dir='ltr'>expletus,</span> <span class='ocrx_word' id='word_1_115' title='bbox 427 1625 630 1687; x_wconf 88' lang='lat' dir='ltr'>consulatum</span> <span class='ocrx_word' id='word_1_116' title='bbox 651 1623 816 1704; x_wconf 88' lang='lat' dir='ltr'>recusasti,</span> <span class='ocrx_word' id='word_1_117' title='bbox 841 1643 934 1705; x_wconf 91' lang='lat' dir='ltr'>quem</span> <span class='ocrx_word' id='word_1_118' title='bbox 962 1623 1042 1687; x_wconf 89' lang='lat' dir='ltr'>noui</span> <span class='ocrx_word' id='word_1_119' title='bbox 1061 1623 1109 1688; x_wconf 92' lang='lat' dir='ltr'>im</span> <span class='ocrx_word' id='word_1_120' title='bbox 1165 1624 1178 1649; x_wconf 91' lang='lat'>&#39;·</span> 
     </span>
     <span class='ocr_line' id='line_1_18' title="bbox 193 1705 1159 1773; baseline 0 -2"><span class='ocrx_word' id='word_1_121' title='bbox 193 1712 315 1772; x_wconf 89' lang='lat' dir='ltr'>ratores</span> <span class='ocrx_word' id='word_1_122' title='bbox 343 1709 537 1773; x_wconf 88' lang='lat' dir='ltr'>destinatum</span> <span class='ocrx_word' id='word_1_123' title='bbox 565 1708 636 1772; x_wconf 90' lang='lat' dir='ltr'>aliis</span> <span class='ocrx_word' id='word_1_124' title='bbox 670 1709 704 1772; x_wconf 91' lang='lat' dir='ltr'>in</span> <span class='ocrx_word' id='word_1_125' title='bbox 737 1729 771 1772; x_wconf 91' lang='lat' dir='ltr'>se</span> <span class='ocrx_word' id='word_1_126' title='bbox 802 1705 1051 1772; x_wconf 83' lang='lat' dir='ltr'>transferebant.</span> <span class='ocrx_word' id='word_1_127' title='bbox 1115 1706 1159 1771; x_wconf 78' lang='lat' dir='ltr'>uit</span> 
     </span>
     <span class='ocr_line' id='line_1_19' title="bbox 194 1792 1182 1875; baseline 0.001 -21"><span class='ocrx_word' id='word_1_128' title='bbox 194 1792 290 1871; x_wconf 75' lang='lat' dir='ltr'>etiam</span> <span class='ocrx_word' id='word_1_129' title='bbox 312 1794 366 1874; x_wconf 92' lang='lat' dir='ltr'>qui</span> <span class='ocrx_word' id='word_1_130' title='bbox 387 1793 423 1855; x_wconf 92' lang='lat' dir='ltr'>in</span> <span class='ocrx_word' id='word_1_131' title='bbox 443 1792 643 1875; x_wconf 87' lang='lat' dir='ltr'>principatus</span> <span class='ocrx_word' id='word_1_132' title='bbox 666 1792 715 1855; x_wconf 90' lang='lat' dir='ltr'>sui</span> <span class='ocrx_word' id='word_1_133' title='bbox 742 1792 805 1856; x_wconf 89' lang='lat' dir='ltr'>fine</span> <span class='ocrx_word' id='word_1_134' title='bbox 828 1792 1040 1875; x_wconf 88' lang='lat' dir='ltr'>consulatum,</span> <span class='ocrx_word' id='word_1_135' title='bbox 1066 1796 1182 1875; x_wconf 87' lang='lat' dir='ltr'>quem&#39;</span> 
     </span>
     <span class='ocr_line' id='line_1_20' title="bbox 194 1875 1159 1961; baseline 0.004 -24"><span class='ocrx_word' id='word_1_136' title='bbox 194 1875 324 1938; x_wconf 87' lang='lat' dir='ltr'>dederat</span> <span class='ocrx_word' id='word_1_137' title='bbox 344 1876 423 1958; x_wconf 91' lang='lat' dir='ltr'>ipse,</span> <span class='ocrx_word' id='word_1_138' title='bbox 445 1896 564 1958; x_wconf 83' lang='lat' dir='ltr'>magna</span> <span class='ocrx_word' id='word_1_139' title='bbox 586 1897 624 1938; x_wconf 86' lang='lat' dir='ltr'>ex</span> <span class='ocrx_word' id='word_1_140' title='bbox 669 1882 739 1939; x_wconf 89' lang='lat' dir='ltr'>arte</span> <span class='ocrx_word' id='word_1_141' title='bbox 761 1877 825 1940; x_wconf 89' lang='lat' dir='ltr'>iam</span> <span class='ocrx_word' id='word_1_142' title='bbox 847 1878 976 1960; x_wconf 83' lang='lat' dir='ltr'>gestum</span> <span class='ocrx_word' id='word_1_143' title='bbox 997 1881 1159 1961; x_wconf 85' lang='lat' dir='ltr'>extorque·</span> 
     </span>
     <span class='ocr_line' id='line_1_21' title="bbox 155 1898 1157 2045; baseline 0.009 -29"><span class='ocrx_word' id='word_1_144' title='bbox 155 1977 180 2017; x_wconf 79' lang='lat'>20</span> <span class='ocrx_word' id='word_1_145' title='bbox 193 1961 242 2021; x_wconf 91' lang='lat' dir='ltr'>ret</span> <span class='ocrx_word' id='word_1_146' title='bbox 265 1960 297 2021; x_wconf 94' lang='lat' dir='ltr'>et</span> <span class='ocrx_word' id='word_1_147' title='bbox 318 1961 454 2042; x_wconf 88' lang='lat' dir='ltr'>raperet.</span> <span class='ocrx_word' id='word_1_148' title='bbox 481 1957 541 2021; x_wconf 91' lang='lat' dir='ltr'>hoc</span> <span class='ocrx_word' id='word_1_149' title='bbox 557 1979 633 2043; x_wconf 84' lang='lat' dir='ltr'>ergo</span> <span class='ocrx_word' id='word_1_150' title='bbox 645 1898 780 2043; x_wconf 75' lang='lat' dir='ltr'>honore,</span> <span class='ocrx_word' id='word_1_151' title='bbox 804 1981 898 2043; x_wconf 89' lang='lat' dir='ltr'>quem</span> <span class='ocrx_word' id='word_1_152' title='bbox 914 1962 946 2024; x_wconf 92' lang='lat' dir='ltr'>et</span> <span class='ocrx_word' id='word_1_153' title='bbox 967 1960 1157 2045; x_wconf 83' lang='lat' dir='ltr'>incipientes</span> 
     </span>
     <span class='ocr_line' id='line_1_22' title="bbox 193 2042 1159 2128; baseline 0.004 -24"><span class='ocrx_word' id='word_1_154' title='bbox 193 2043 355 2125; x_wconf 89' lang='lat' dir='ltr'>principes</span> <span class='ocrx_word' id='word_1_155' title='bbox 383 2045 415 2106; x_wconf 93' lang='lat' dir='ltr'>et</span> <span class='ocrx_word' id='word_1_156' title='bbox 442 2042 624 2107; x_wconf 89' lang='lat' dir='ltr'>desinentes</span> <span class='ocrx_word' id='word_1_157' title='bbox 651 2043 729 2108; x_wconf 91' lang='lat' dir='ltr'>adeo</span> <span class='ocrx_word' id='word_1_158' title='bbox 752 2044 985 2128; x_wconf 88' lang='lat' dir='ltr'>concupiscunt</span> <span class='ocrx_word' id='word_1_159' title='bbox 1011 2048 1049 2109; x_wconf 86' lang='lat' dir='ltr'>ut·</span> <span class='ocrx_word' id='word_1_160' title='bbox 1075 2042 1159 2109; x_wconf 84' lang='lat' dir='ltr'>aufe·</span> 
     </span>
     <span class='ocr_line' id='line_1_23' title="bbox 193 2127 1175 2212; baseline 0.004 -23"><span class='ocrx_word' id='word_1_161' title='bbox 193 2129 278 2209; x_wconf 88' lang='lat' dir='ltr'>rant,</span> <span class='ocrx_word' id='word_1_162' title='bbox 301 2129 337 2189; x_wconf 93' lang='lat' dir='ltr'>tu</span> <span class='ocrx_word' id='word_1_163' title='bbox 360 2127 460 2191; x_wconf 90' lang='lat' dir='ltr'>otioso</span> <span class='ocrx_word' id='word_1_164' title='bbox 482 2148 520 2191; x_wconf 90' lang='lat' dir='ltr'>ac</span> <span class='ocrx_word' id='word_1_165' title='bbox 542 2130 677 2192; x_wconf 88' lang='lat' dir='ltr'>uacante</span> <span class='ocrx_word' id='word_1_166' title='bbox 699 2129 835 2212; x_wconf 90' lang='lat' dir='ltr'>priuatis</span> <span class='ocrx_word' id='word_1_167' title='bbox 858 2129 993 2193; x_wconf 88' lang='lat' dir='ltr'>cessisti.</span> <span class='ocrx_word' id='word_1_168' title='bbox 1023 2128 1175 2203; x_wconf 68' lang='lat' dir='ltr'>inuidia,¹</span> 
     </span>
     <span class='ocr_line' id='line_1_24' title="bbox 194 2210 1170 2297; baseline 0.001 -22"><span class='ocrx_word' id='word_1_169' title='bbox 194 2232 290 2275; x_wconf 93' lang='lat' dir='ltr'>susne</span> <span class='ocrx_word' id='word_1_170' title='bbox 318 2214 387 2276; x_wconf 91' lang='lat' dir='ltr'>erat</span> <span class='ocrx_word' id='word_1_171' title='bbox 414 2214 470 2276; x_wconf 88' lang='lat' dir='ltr'>aut</span> <span class='ocrx_word' id='word_1_172' title='bbox 499 2211 559 2276; x_wconf 92' lang='lat' dir='ltr'>tibi</span> <span class='ocrx_word' id='word_1_173' title='bbox 585 2212 700 2276; x_wconf 89' lang='lat' dir='ltr'>tertius</span> <span class='ocrx_word' id='word_1_174' title='bbox 732 2214 917 2278; x_wconf 86' lang='lat' dir='ltr'>consulatus</span> <span class='ocrx_word' id='word_1_175' title='bbox 939 2215 996 2277; x_wconf 87' lang='lat' dir='ltr'>aut</span> <span class='ocrx_word' id='word_1_176' title='bbox 1016 2210 1170 2297; x_wconf 74' lang='lat' dir='ltr'>principi:</span> 
     </span>
     <span class='ocr_line' id='line_1_25' title="bbox 193 2295 1169 2380; baseline 0.002 -21"><span class='ocrx_word' id='word_1_177' title='bbox 193 2296 337 2379; x_wconf 90' lang='lat' dir='ltr'>primus?</span> <span class='ocrx_word' id='word_1_178' title='bbox 368 2318 444 2360; x_wconf 91' lang='lat' dir='ltr'>nam</span> <span class='ocrx_word' id='word_1_179' title='bbox 467 2295 640 2361; x_wconf 88' lang='lat' dir='ltr'>secundum</span> <span class='ocrx_word' id='word_1_180' title='bbox 662 2299 837 2380; x_wconf 89' lang='lat' dir='ltr'>imperator</span> <span class='ocrx_word' id='word_1_181' title='bbox 859 2296 999 2380; x_wconf 90' lang='lat' dir='ltr'>quidem,</span> <span class='ocrx_word' id='word_1_182' title='bbox 1022 2297 1084 2363; x_wconf 91' lang='lat' dir='ltr'>sub</span> <span class='ocrx_word' id='word_1_183' title='bbox 1104 2297 1169 2361; x_wconf 76' lang='lat' dir='ltr'>im·¹</span> 
     </span>
     <span class='ocr_line' id='line_1_26' title="bbox 156 2376 1163 2465; baseline -0.003 -19"><span class='ocrx_word' id='word_1_184' title='bbox 156 2398 181 2439; x_wconf 77' lang='lat'>25</span> <span class='ocrx_word' id='word_1_185' title='bbox 217 2384 341 2446; x_wconf 93' lang='lat' dir='ltr'>eratore</span> <span class='ocrx_word' id='word_1_186' title='bbox 368 2384 480 2446; x_wconf 88' lang='lat' dir='ltr'>tamen</span> <span class='ocrx_word' id='word_1_187' title='bbox 507 2381 605 2464; x_wconf 89' lang='lat' dir='ltr'>inisti,</span> <span class='ocrx_word' id='word_1_188' title='bbox 635 2381 778 2465; x_wconf 90' lang='lat' dir='ltr'>nihilque</span> <span class='ocrx_word' id='word_1_189' title='bbox 807 2381 961 2464; x_wconf 88' lang='lat' dir='ltr'>imputari</span> <span class='ocrx_word' id='word_1_190' title='bbox 986 2383 1022 2445; x_wconf 90' lang='lat' dir='ltr'>in</span> <span class='ocrx_word' id='word_1_191' title='bbox 1044 2402 1082 2446; x_wconf 90' lang='lat' dir='ltr'>eo</span> <span class='ocrx_word' id='word_1_192' title='bbox 1109 2376 1163 2445; x_wconf 88' lang='lat' dir='ltr'>uel.</span> 
     </span>
     <span class='ocr_line' id='line_1_27' title="bbox 194 2403 1156 2550; baseline 0.001 -21"><span class='ocrx_word' id='word_1_193' title='bbox 194 2403 310 2529; x_wconf 75' lang='lat' dir='ltr'>honori</span> <span class='ocrx_word' id='word_1_194' title='bbox 332 2469 440 2548; x_wconf 87' lang='lat' dir='ltr'>potest</span> <span class='ocrx_word' id='word_1_195' title='bbox 457 2467 506 2530; x_wconf 93' lang='lat' dir='ltr'>uel</span> <span class='ocrx_word' id='word_1_196' title='bbox 528 2467 672 2550; x_wconf 87' lang='lat' dir='ltr'>exemplo</span> <span class='ocrx_word' id='word_1_197' title='bbox 688 2467 752 2530; x_wconf 88' lang='lat' dir='ltr'>nisi</span> <span class='ocrx_word' id='word_1_198' title='bbox 774 2465 970 2549; x_wconf 89' lang='lat' dir='ltr'>obsequium.</span> <span class='ocrx_word' id='word_1_199' title='bbox 1007 2465 1054 2530; x_wconf 85' lang='lat' dir='ltr'>ita</span> <span class='ocrx_word' id='word_1_200' title='bbox 1073 2482 1156 2545; x_wconf 84' lang='lat' dir='ltr'>uero,</span> 
     </span>
     <span class='ocr_line' id='line_1_28' title="bbox 195 2548 1157 2633; baseline 0.002 -22"><span class='ocrx_word' id='word_1_201' title='bbox 195 2569 276 2630; x_wconf 91' lang='lat' dir='ltr'>quae</span> <span class='ocrx_word' id='word_1_202' title='bbox 307 2549 419 2612; x_wconf 89' lang='lat' dir='ltr'>ciuitas</span> <span class='ocrx_word' id='word_1_203' title='bbox 449 2551 617 2633; x_wconf 90' lang='lat' dir='ltr'>quinquies</span> <span class='ocrx_word' id='word_1_204' title='bbox 645 2552 739 2633; x_wconf 91' lang='lat' dir='ltr'>atque</span> <span class='ocrx_word' id='word_1_205' title='bbox 767 2551 863 2614; x_wconf 87' lang='lat' dir='ltr'>etiam</span> <span class='ocrx_word' id='word_1_206' title='bbox 891 2551 993 2627; x_wconf 85' lang='lat' dir='ltr'>sexies</span> <span class='ocrx_word' id='word_1_207' title='bbox 1017 2548 1157 2615; x_wconf 83' lang='lat' dir='ltr'>consules</span> 
     </span>
     <span class='ocr_line' id='line_1_29' title="bbox 194 2631 1163 2719; baseline 0.003 -27"><span class='ocrx_word' id='word_1_208' title='bbox 194 2631 286 2713; x_wconf 91' lang='lat' dir='ltr'>uidit,</span> <span class='ocrx_word' id='word_1_209' title='bbox 308 2652 374 2695; x_wconf 92' lang='lat' dir='ltr'>non</span> <span class='ocrx_word' id='word_1_210' title='bbox 395 2633 467 2696; x_wconf 92' lang='lat' dir='ltr'>illos</span> <span class='ocrx_word' id='word_1_211' title='bbox 490 2635 544 2715; x_wconf 90' lang='lat' dir='ltr'>qui</span> <span class='ocrx_word' id='word_1_212' title='bbox 567 2633 732 2714; x_wconf 84' lang='lat' dir='ltr'>expirante</span> <span class='ocrx_word' id='word_1_213' title='bbox 755 2635 819 2698; x_wconf 89' lang='lat' dir='ltr'>iam</span> <span class='ocrx_word' id='word_1_214' title='bbox 840 2633 990 2699; x_wconf 85' lang='lat' dir='ltr'>libertate</span> <span class='ocrx_word' id='word_1_215' title='bbox 1018 2656 1077 2719; x_wconf 89' lang='lat' dir='ltr'>per</span> <span class='ocrx_word' id='word_1_216' title='bbox 1096 2632 1163 2699; x_wconf 87' lang='lat' dir='ltr'>uim.</span> 
     </span>
     <span class='ocr_line' id='line_1_30' title="bbox 195 2714 1168 2802; baseline 0.005 -25"><span class='ocrx_word' id='word_1_217' title='bbox 195 2734 232 2777; x_wconf 90' lang='lat' dir='ltr'>ac</span> <span class='ocrx_word' id='word_1_218' title='bbox 254 2714 427 2778; x_wconf 87' lang='lat' dir='ltr'>tumultum</span> <span class='ocrx_word' id='word_1_219' title='bbox 451 2714 652 2797; x_wconf 88' lang='lat' dir='ltr'>creabantur,</span> <span class='ocrx_word' id='word_1_220' title='bbox 675 2718 729 2781; x_wconf 89' lang='lat' dir='ltr'>sed</span> <span class='ocrx_word' id='word_1_221' title='bbox 752 2719 867 2801; x_wconf 90' lang='lat' dir='ltr'>quibus</span> <span class='ocrx_word' id='word_1_222' title='bbox 889 2719 1040 2802; x_wconf 89' lang='lat' dir='ltr'>sepositis</span> <span class='ocrx_word' id='word_1_223' title='bbox 1062 2721 1096 2783; x_wconf 89' lang='lat' dir='ltr'>et</span> <span class='ocrx_word' id='word_1_224' title='bbox 1109 2738 1139 2781; x_wconf 67' lang='lat' dir='ltr'>a*</span> <span class='ocrx_word' id='word_1_225' title='bbox 1160 2747 1168 2785; x_wconf 66' lang='lat' dir='ltr'>s</span> 
     </span>
     <span class='ocr_line' id='line_1_31' title="bbox 157 2798 1157 2887; baseline 0.01 -31"><span class='ocrx_word' id='word_1_226' title='bbox 157 2816 182 2856; x_wconf 80' lang='lat' dir='ltr'>so</span> <span class='ocrx_word' id='word_1_227' title='bbox 196 2798 341 2862; x_wconf 90' lang='lat' dir='ltr'>sentibus</span> <span class='ocrx_word' id='word_1_228' title='bbox 369 2798 405 2862; x_wconf 89' lang='lat' dir='ltr'>in</span> <span class='ocrx_word' id='word_1_229' title='bbox 433 2821 508 2862; x_wconf 92' lang='lat' dir='ltr'>rura</span> <span class='ocrx_word' id='word_1_230' title='bbox 536 2820 592 2864; x_wconf 88' lang='lat' dir='ltr'>sua</span> <span class='ocrx_word' id='word_1_231' title='bbox 615 2803 799 2867; x_wconf 88' lang='lat' dir='ltr'>consulatus</span> <span class='ocrx_word' id='word_1_232' title='bbox 821 2802 1018 2887; x_wconf 91' lang='lat' dir='ltr'>ferebantur,</span> <span class='ocrx_word' id='word_1_233' title='bbox 1046 2803 1082 2867; x_wconf 90' lang='lat' dir='ltr'>in</span> <span class='ocrx_word' id='word_1_234' title='bbox 1102 2800 1157 2866; x_wconf 75' lang='lat' dir='ltr'>hu</span> 
     </span>
     <span class='ocr_line' id='line_1_32' title="bbox 196 2882 1163 2972; baseline 0.007 -26"><span class='ocrx_word' id='word_1_235' title='bbox 196 2882 327 2946; x_wconf 90' lang='lat' dir='ltr'>ciuitate</span> <span class='ocrx_word' id='word_1_236' title='bbox 349 2883 479 2947; x_wconf 85' lang='lat' dir='ltr'>tertium</span> <span class='ocrx_word' id='word_1_237' title='bbox 496 2883 695 2949; x_wconf 88' lang='lat' dir='ltr'>consulatum</span> <span class='ocrx_word' id='word_1_238' title='bbox 718 2887 866 2971; x_wconf 88' lang='lat' dir='ltr'>princeps</span> <span class='ocrx_word' id='word_1_239' title='bbox 880 2888 1010 2972; x_wconf 83' lang='lat' dir='ltr'>generis</span> <span class='ocrx_word' id='word_1_240' title='bbox 1031 2885 1163 2951; x_wconf 73' lang='lat' dir='ltr'>humum</span> 
     </span>
     <span class='ocr_line' id='line_1_33' title="bbox 196 2968 1160 3055; baseline 0.006 -25"><span class='ocrx_word' id='word_1_241' title='bbox 196 2970 232 3030; x_wconf 91' lang='lat' dir='ltr'>ut</span> <span class='ocrx_word' id='word_1_242' title='bbox 254 2988 464 3051; x_wconf 88' lang='lat' dir='ltr'>praegrauem</span> <span class='ocrx_word' id='word_1_243' title='bbox 485 2968 662 3033; x_wconf 80' lang='lat' dir='ltr'>recusasti?</span> <span class='ocrx_word' id='word_1_244' title='bbox 699 2974 833 3036; x_wconf 89' lang='lat' dir='ltr'>tantone</span> <span class='ocrx_word' id='word_1_245' title='bbox 854 2971 991 3055; x_wconf 91' lang='lat' dir='ltr'>Papiriis</span> <span class='ocrx_word' id='word_1_246' title='bbox 1014 2973 1109 3036; x_wconf 85' lang='lat' dir='ltr'>eliam</span> <span class='ocrx_word' id='word_1_247' title='bbox 1134 2995 1160 3022; x_wconf 60' lang='grc' dir='ltr'>ι’</span> 
     </span>
     <span class='ocr_line' id='line_1_34' title="bbox 197 3051 1160 3140; baseline 0.004 -25"><span class='ocrx_word' id='word_1_248' title='bbox 197 3051 337 3128; x_wconf 85' lang='lat' dir='ltr'>Quintiis</span> <span class='ocrx_word' id='word_1_249' title='bbox 370 3053 563 3117; x_wconf 88' lang='lat' dir='ltr'>moderatior</span> <span class='ocrx_word' id='word_1_250' title='bbox 591 3055 757 3139; x_wconf 84' lang='lat' dir='ltr'>Augustus</span> <span class='ocrx_word' id='word_1_251' title='bbox 792 3059 825 3120; x_wconf 91' lang='lat' dir='ltr'>et</span> <span class='ocrx_word' id='word_1_252' title='bbox 851 3055 971 3121; x_wconf 81' lang='lat' dir='ltr'>Caesar</span> <span class='ocrx_word' id='word_1_253' title='bbox 1003 3059 1037 3121; x_wconf 91' lang='lat' dir='ltr'>et</span> <span class='ocrx_word' id='word_1_254' title='bbox 1070 3052 1160 3140; x_wconf 72' lang='lat' dir='ltr'>pater?</span> 
     </span>
    </p>
   </div>
   <div class='ocr_carea' id='block_1_3' title="bbox 197 3254 1141 3596">
    <p class='ocr_par' dir='ltr' id='par_1_3' title="bbox 197 3254 1141 3596">
     <span class='ocr_line' id='line_1_35' title="bbox 264 3254 1141 3326; baseline 0.002 -17"><span class='ocrx_word' id='word_1_255' title='bbox 264 3260 280 3309; x_wconf 77' lang='lat'>5</span> <span class='ocrx_word' id='word_1_256' title='bbox 298 3257 357 3308; x_wconf 87' lang='lat' dir='ltr'>fore</span> <span class='ocrx_word' id='word_1_257' title='bbox 374 3258 427 3306; x_wconf 83' lang='lat' dir='ltr'>BV</span> <span class='ocrx_word' id='word_1_258' title='bbox 440 3254 450 3322; x_wconf 74' lang='grc' dir='ltr'>ΙΙ</span> <span class='ocrx_word' id='word_1_259' title='bbox 463 3261 478 3309; x_wconf 86' lang='grc'><strong>6</strong></span> <span class='ocrx_word' id='word_1_260' title='bbox 496 3255 603 3325; x_wconf 87' lang='lat' dir='ltr'>pacem]</span> <span class='ocrx_word' id='word_1_261' title='bbox 623 3263 732 3325; x_wconf 83' lang='lat' dir='ltr'>partem</span> <span class='ocrx_word' id='word_1_262' title='bbox 749 3261 780 3309; x_wconf 90' lang='lat' dir='ltr'>P.</span> <span class='ocrx_word' id='word_1_263' title='bbox 794 3260 881 3311; x_wconf 82' lang='lat' dir='ltr'>Faber</span> <span class='ocrx_word' id='word_1_264' title='bbox 894 3258 904 3326; x_wconf 93' lang='grc' dir='ltr'>ΙΙ</span> <span class='ocrx_word' id='word_1_265' title='bbox 918 3263 948 3310; x_wconf 93' lang='grc'>11</span> <span class='ocrx_word' id='word_1_266' title='bbox 969 3260 1141 3315; x_wconf 69' lang='lat' dir='ltr'>consultabat</span> 
     </span>
     <span class='ocr_line' id='line_1_36' title="bbox 197 3322 1140 3394; baseline 0.008 -21"><span class='ocrx_word' id='word_1_267' title='bbox 197 3326 214 3371; x_wconf 82' lang='lat'><strong>0</strong></span> <span class='ocrx_word' id='word_1_268' title='bbox 243 3323 253 3390; x_wconf 83' lang='grc' dir='ltr'>ΙΙ</span> <span class='ocrx_word' id='word_1_269' title='bbox 285 3328 316 3375; x_wconf 88' lang='lat'>15</span> <span class='ocrx_word' id='word_1_270' title='bbox 335 3330 481 3376; x_wconf 80' lang='lat' dir='ltr'>execratus</span> <span class='ocrx_word' id='word_1_271' title='bbox 498 3329 608 3392; x_wconf 81' lang='lat' dir='ltr'>scripsi:</span> <span class='ocrx_word' id='word_1_272' title='bbox 627 3330 775 3378; x_wconf 83' lang='lat' dir='ltr'>excusatus</span> <span class='ocrx_word' id='word_1_273' title='bbox 792 3329 820 3375; x_wconf 73' lang='grc' dir='ltr'>Η</span> <span class='ocrx_word' id='word_1_274' title='bbox 844 3329 1002 3380; x_wconf 84' lang='lat' dir='ltr'>exsatiatus</span> <span class='ocrx_word' id='word_1_275' title='bbox 1022 3330 1096 3394; x_wconf 73' lang='lat' dir='ltr'>cup.</span> <span class='ocrx_word' id='word_1_276' title='bbox 1108 3322 1140 3393; x_wconf 80' lang='grc' dir='ltr'>ΙῙ</span> 
     </span>
     <span class='ocr_line' id='line_1_37' title="bbox 197 3390 1137 3462; baseline 0.005 -22"><span class='ocrx_word' id='word_1_277' title='bbox 197 3391 282 3443; x_wconf 82' lang='lat' dir='ltr'>fuerit</span> <span class='ocrx_word' id='word_1_278' title='bbox 300 3395 320 3442; x_wconf 88' lang='lat' dir='ltr'>B</span> <span class='ocrx_word' id='word_1_279' title='bbox 338 3390 348 3457; x_wconf 82' lang='grc' dir='ltr'>ΙΙ</span> <span class='ocrx_word' id='word_1_280' title='bbox 365 3395 398 3443; x_wconf 80' lang='grc'>25</span> <span class='ocrx_word' id='word_1_281' title='bbox 416 3397 509 3444; x_wconf 85' lang='lat' dir='ltr'>tamen</span> <span class='ocrx_word' id='word_1_282' title='bbox 526 3393 614 3458; x_wconf 86' lang='lat' dir='ltr'>inisti]</span> <span class='ocrx_word' id='word_1_283' title='bbox 633 3395 750 3444; x_wconf 87' lang='lat' dir='ltr'>tenuisti</span> <span class='ocrx_word' id='word_1_284' title='bbox 767 3409 792 3443; x_wconf 83' lang='lat' dir='ltr'><strong>w</strong></span> <span class='ocrx_word' id='word_1_285' title='bbox 804 3393 814 3462; x_wconf 82' lang='lat' dir='ltr'>ss</span> <span class='ocrx_word' id='word_1_286' title='bbox 827 3397 860 3445; x_wconf 79' lang='lat'>26</span> <span class='ocrx_word' id='word_1_287' title='bbox 876 3400 970 3462; x_wconf 86' lang='lat' dir='ltr'>potest</span> <span class='ocrx_word' id='word_1_288' title='bbox 987 3411 1024 3445; x_wconf 84' lang='lat' dir='ltr'>w:</span> <span class='ocrx_word' id='word_1_289' title='bbox 1042 3392 1137 3462; x_wconf 60' lang='lat' dir='ltr'>poter:</span> 
     </span>
     <span class='ocr_line' id='line_1_38' title="bbox 198 3454 1137 3530; baseline 0.007 -22"><span class='ocrx_word' id='word_1_290' title='bbox 198 3454 210 3521; x_wconf 73' lang='lat' dir='ltr'>ll</span> <span class='ocrx_word' id='word_1_291' title='bbox 231 3460 264 3508; x_wconf 77' lang='lat'>32</span> <span class='ocrx_word' id='word_1_292' title='bbox 282 3475 459 3525; x_wconf 79' lang='lat' dir='ltr'>praegrauem</span> <span class='ocrx_word' id='word_1_293' title='bbox 472 3464 548 3510; x_wconf 77' lang='lat' dir='ltr'>VW:</span> <span class='ocrx_word' id='word_1_294' title='bbox 567 3475 730 3527; x_wconf 74' lang='lat' dir='ltr'>pergrauem</span> <span class='ocrx_word' id='word_1_295' title='bbox 742 3464 789 3512; x_wconf 77' lang='lat' dir='ltr'>ca</span> <span class='ocrx_word' id='word_1_296' title='bbox 804 3463 808 3527; x_wconf 84' lang='grc'>1</span> <span class='ocrx_word' id='word_1_297' title='bbox 825 3464 950 3530; x_wconf 86' lang='lat' dir='ltr'>papirius</span> <span class='ocrx_word' id='word_1_298' title='bbox 968 3465 1051 3514; x_wconf 81' lang='lat' dir='ltr'>etiam</span> <span class='ocrx_word' id='word_1_299' title='bbox 1068 3460 1137 3529; x_wconf 75' lang='lat' dir='ltr'>(eris</span> 
     </span>
     <span class='ocr_line' id='line_1_39' title="bbox 197 3526 1127 3596; baseline 0.008 -22"><span class='ocrx_word' id='word_1_300' title='bbox 197 3541 242 3579; x_wconf 87' lang='lat' dir='ltr'>om.</span> <span class='ocrx_word' id='word_1_301' title='bbox 255 3526 288 3574; x_wconf 84' lang='lat' dir='ltr'>W</span> <span class='ocrx_word' id='word_1_302' title='bbox 304 3530 332 3577; x_wconf 77' lang='lat' dir='ltr'>in</span> <span class='ocrx_word' id='word_1_303' title='bbox 351 3544 404 3579; x_wconf 82' lang='lat' dir='ltr'>ras.</span> <span class='ocrx_word' id='word_1_304' title='bbox 424 3531 441 3578; x_wconf 73' lang='grc'><em>4</em></span> <span class='ocrx_word' id='word_1_305' title='bbox 458 3528 518 3594; x_wconf 78' lang='lat' dir='ltr'>lire.)</span> <span class='ocrx_word' id='word_1_306' title='bbox 537 3533 566 3581; x_wconf 88' lang='lat' dir='ltr'>et</span> <span class='ocrx_word' id='word_1_307' title='bbox 584 3530 696 3595; x_wconf 87' lang='lat' dir='ltr'>quintus</span> <span class='ocrx_word' id='word_1_308' title='bbox 713 3532 754 3595; x_wconf 81' lang='grc' dir='ltr'>Ι,</span> <span class='ocrx_word' id='word_1_309' title='bbox 773 3546 842 3586; x_wconf 80' lang='lat' dir='ltr'>corr.</span> <span class='ocrx_word' id='word_1_310' title='bbox 861 3544 887 3578; x_wconf 84' lang='lat' dir='ltr'><strong>w</strong></span> <span class='ocrx_word' id='word_1_311' title='bbox 899 3528 909 3596; x_wconf 94' lang='grc' dir='ltr'>ΙΙ</span> <span class='ocrx_word' id='word_1_312' title='bbox 921 3534 954 3583; x_wconf 86' lang='grc'>33</span> <span class='ocrx_word' id='word_1_313' title='bbox 972 3531 1127 3583; x_wconf 81' lang='lat' dir='ltr'>moderator</span> 
     </span>
    </p>
   </div>
   <div class='ocr_carea' id='block_1_4' title="bbox 0 0 1202 3990">
    <p class='ocr_par' dir='ltr' id='par_1_4' title="bbox 0 0 1202 3990">
     <span class='ocr_line' id='line_1_40' title="bbox 0 0 1202 3990; baseline 0 0"><span class='ocrx_word' id='word_1_314' title='bbox 0 0 1202 3990; x_wconf 95' lang='lat' dir='ltr'> </span> 
     </span>
    </p>
   </div>
  </div>
 </body>
</html>
