2406 4012
132 238 192 304 128
417 240 464 290 ιν.
493 234 805 289 nonannoeane
1093 39 1146 354 ’ἲ

131 412 192 474 que
215 390 323 455 oculos
346 386 535 469 circumtuli,
557 386 596 449 ed
617 384 856 449 restitutionem
877 403 1013 469 operum
1034 384 1092 449 sin·

131 475 280 559 gulorum
294 475 340 538 ita
354 472 472 557 gaudio
487 469 573 534 ferar
586 473 623 533 ut
636 470 783 553 spiritum
799 468 977 532 identidem
991 490 1093 533 meum
1134 486 1138 491 ·

131 581 189 644 pro
210 559 339 623 illorum
361 556 462 620 salute
484 554 674 636 deuoueam,
704 574 837 638 quorum
859 553 950 619 iussu
971 552 1095 637 opibus·
1137 568 1140 573 '

153 665 192 707 ue
213 644 412 725 reparantur.
458 639 512 703 sed
533 642 645 703 temen
671 638 735 702 hoc
762 637 848 721 quod
873 635 955 701 mihi
983 658 1095 701 ornan-

106 665 191 790 sdse
212 725 421 810 professionis
448 745 538 787 meae
567 745 663 788 causa
685 723 841 787 tributum
860 724 921 786 ‘est
950 721 1029 787 huic
1048 742 1096 787 mc
1142 774 1146 786 .

131 811 302 895 praecipue
325 809 428 874 sentio
452 808 565 873 debere
586 808 795 872 monimento,
1142 808 1146 813 '

195 894 301 960 XVII.
349 894 480 958 Etenim
501 893 528 957 si
551 893 634 957 bello
655 895 750 976 parta
771 891 870 955 Marti
892 889 1052 973 dicantur,
1072 890 1098 954 si

132 981 214 1045 mari
253 978 375 1044 uaesita
391 977 554 1062 Neptune,
577 977 604 1041 si
621 996 739 1041 messes
755 974 874 1058 Cereri,
897 975 926 1038 si
940 973 1099 1040 Mercurio

133 1065 223 1129 lucra
259 1065 386 1128 ‘bantur
392 1111 400 1145 ,
430 1063 457 1126 si
479 1062 556 1126 item
584 1082 690 1125 rerum
712 1060 856 1124 omnium
877 1061 1042 1125 commodo
1062 1058 1101 1123 ed

95 1171 121 1211 10
134 1150 255 1214 cultum
287 1149 470 1212 referuntur
503 1148 686 1210 auctorum:
724 1144 781 1208 ubi
808 1143 859 1207 fas
887 1146 938 1207 est
965 1142 1101 1209 docendi

133 1233 274 1317 praemia
297 1250 483 1294 consecrare
504 1230 565 1293 nisi
589 1231 624 1294 in
646 1228 719 1293 sede
740 1227 891 1292 dicendi?
912 1228 1101 1312 praesertim

135 1337 206 1380 cum
233 1315 313 1378 mihi
341 1315 426 1377 ultra
455 1335 656 1378 communem
682 1334 754 1378 cum
782 1311 898 1377 ceteris
923 1312 1102 1377 studiorum

133 1400 322 1484 religionem
345 1399 442 1463 etiam
457 1399 605 1482 proprius
620 1398 748 1482 quidam
770 1397 813 1461 sit
835 1418 912 1481 erga
927 1396 1102 1461 Maeniana

133 1484 190 1548 illa
206 1506 243 1548 ex
257 1485 414 1548 maiorum
429 1503 572 1547 meorum
586 1480 806 1547 recordatione
822 1480 968 1546 dilectus.
993 1502 1103 1565 quem·

97 1588 123 1629 15
135 1570 184 1634 uis
210 1570 297 1634 enim
326 1571 401 1632 ante
422 1568 602 1653 ingressum
624 1567 780 1650 pueritiae
805 1587 895 1629 meae
916 1566 1103 1630 intermissu

135 1655 232 1719 fuerit
255 1675 365 1718 eorum
390 1652 574 1717 exercendis
598 1651 710 1716 studiis
732 1649 947 1733 frequentatio
954 1698 963 1731 ,
993 1653 1103 1715 tamen

135 1739 201 1804 illic
224 1760 318 1802 auum
341 1737 501 1821 quondam
522 1758 629 1800 meum
644 1735 789 1800 docuisse
812 1733 915 1817 audio,
938 1733 1104 1799 hominem

134 1822 272 1887 Athenis
300 1826 421 1902 ortum,
450 1821 570 1884 Romae
592 1819 647 1884 diu
672 1820 842 1901 celebrem,
873 1840 949 1882 mcx
976 1818 1015 1882 in
1043 1819 1105 1883 ists

136 1907 213 1968 urbe
237 1903 436 1990 [perspecto]
460 1905 597 1987 probato
618 1904 785 1968 hominum
809 1924 914 1967 amore
937 1903 1104 1968 doctrinae

97 2010 123 2049 sc
137 1991 231 2071 atque
268 1988 361 2050 huius
398 1987 499 2070 ipsius
538 1989 643 2070 operis
679 1988 890 2053 ueneratione
925 1987 1103 2052 detentum.

137 2074 225 2137 cuius
249 2091 309 2156 ego
332 2072 453 2153 locum,
481 2072 516 2135 in
538 2092 615 2154 quo,
643 2075 679 2136 ut
701 2073 859 2157 referrmt,
888 2072 992 2137 maior
1018 2075 1104 2137 octo-

137 2156 270 2242 genario
286 2156 405 2235 docuit,
429 2156 456 2219 si
472 2157 513 2221 ab
527 2155 590 2220 isto
607 2157 783 2220 uenerabili
798 2178 873 2221 sene
895 2157 953 2242 (te,
971 2155 1102 2241 Glauce,

137 2242 274 2326 appello,
297 2244 499 2326 praesentem
516 2262 611 2325 quem
631 2241 785 2324 uidemus,
808 2263 875 2305 non
899 2241 1033 2305 ciuitate
1046 2243 1104 2305 At-

135 2329 247 2411 ticum,
271 2327 325 2392 sed
342 2326 482 2412 eloquio)
503 2326 602 2390 recoli
619 2326 786 2411 ornarique
801 2325 975 2409 perfecero,
998 2326 1103 2410 ipsum

97 2430 124 2471 as
136 2412 216 2476 mihi
237 2412 371 2476 uidebor
394 2411 434 2476 ad
455 2412 555 2476 uitam
575 2411 635 2475 tali
657 2410 861 2494 professionis
884 2431 959 2474 suae
980 2430 1103 2475 succes·

137 2498 226 2560 sione
253 2518 428 2561 reuocasse.
473 2497 557 2580 quod
579 2496 706 2578 quidem
734 2516 794 2579 ego
821 2516 926 2558 mcum
950 2516 1029 2579 erga
1049 2494 1101 2559 ho

135 2601 248 2643 norem
275 2580 387 2643 domus
416 2602 453 2644 ac
480 2581 620 2644 familiae
648 2601 738 2644 meae
766 2578 906 2642 studium
932 2600 1002 2643 non
1030 2600 1102 2644 con-

205 2818 220 2864 6
233 2815 400 2865 monimento
409 2816 492 2864 AOW
503 2812 513 2880 t
525 2816 541 2864 8
553 2816 689 2866 Mercurio
701 2822 876 2868 mercaturae
888 2815 1102 2880 lucraHauptlm

137 2883 227 2933 Herm.
240 2882 288 2931 IV
296 2899 322 2946 p.
342 2884 391 2931 151
408 2881 417 2948 t
435 2886 451 2934 9
469 2877 572 2948 rerum]
593 2881 701 2933 deorum
719 2885 929 2950 Eyssenhardtus
943 2882 949 2948 Ι
964 2883 1102 2934 commodo

137 2950 229 2999 addidi
237 2952 253 3000 l.
264 2953 296 3000 l..·
308 2966 355 3000 om.
363 2952 399 3013 ll,
413 2951 655 3002 fructusLiutneius
669 2952 996 3015 primitiaeRilterslmer'ue
1008 2948 1020 3017 ΙΙ
1032 2953 1064 3001 11
1076 2952 1103 3001 in

137 3013 214 3082 sede]
234 3018 289 3083 ipsi
306 3019 382 3069 scole
401 3033 426 3068 w
442 3017 452 3085 t
470 3022 502 3070 13
521 3017 629 3083 quidam
642 3019 674 3066 W
685 3019 775 3069 Bora:
794 3018 901 3083 quidem
912 3020 965 3068 ΑΒ
978 3019 995 3066 0
1008 3020 1031 3067 V
1046 3016 1057 3085 fl
1075 3020 1103 3068 lt

137 3084 295 3135 intermissa
313 3099 350 3135 w:
371 3089 499 3137 termissa
516 3087 544 3134 Μ
573 3083 583 3150 ΙΙ
614 3087 645 3135 16
665 3085 821 3136 exercendis
840 3086 939 3137 studiis
957 3088 1104 3138 Liuineius:

137 3153 283 3203 exercendi
300 3153 385 3204 studii
401 3156 429 3203 Μ
446 3153 590 3205 exercendi
608 3153 697 3204 studio
715 3153 924 3219 Eyssenhardtus
953 3151 964 3219 ΙΙ
995 3156 1028 3205 19
1046 3169 1103 3219 per·

137 3227 231 3287 specto
250 3222 406 3286 (prospecto
424 3223 455 3284 Β)
474 3222 589 3287 probato
607 3222 647 3285 M,
667 3226 811 3286 perspecto
829 3225 935 3279 seclusir
957 3224 1102 3288 perspecto

138 3295 167 3337 et
187 3290 304 3353 probato
328 3291 386 3341 edd.
410 3295 582 3355 perspectum
604 3289 799 3355 probatumque
821 3303 846 3338 w
874 3290 878 3347 l
909 3289 1052 3341 hominum
1073 3314 1104 3325 -

137 3357 170 3404 20
190 3356 333 3407 detentum
351 3374 397 3410 om.
410 3357 442 3404 W
458 3354 468 3422 ΙΙ
485 3360 515 3406 21
536 3363 567 3408 ut
579 3358 602 3407 Δ
614 3356 745 3407 wear:
764 3360 872 3411 012.Βο
886 3357 907 3405 V
923 3354 933 3422 11
951 3360 984 3408 22
1004 3358 1104 3410 Glauce

138 3422 213 3471 edd:
232 3424 324 3474 clouce
342 3425 365 3474 A
381 3426 401 3473 B
420 3425 442 3471 V
461 3423 551 3474 olente
569 3425 601 3472 W
618 3423 713 3475 claues
732 3427 750 3473 c
771 3422 781 3489 ΙΙ
802 3427 835 3477 23
855 3426 975 3475 seticum
992 3427 1015 3475 Δ
1035 3426 1104 3477 athi-

139 3490 239 3611 cumoB
258 3493 378 3541 accitum
396 3505 421 3540 w
442 3489 451 3556 ΙΙ
476 3494 508 3543 25
527 3492 579 3542 teli
597 3508 643 3543 om.
662 3491 737 3543 Bert.
759 3489 768 3557 ΙΙ
790 3494 822 3543 26
842 3508 892 3558 ogo
911 3508 958 3544 om.
976 3495 997 3543 B
1016 3508 1104 3547 meum

139 3570 191 3620 ego
