2406 4012
136 192 178 254 46
463 196 485 248 Ι.
517 194 547 244 0.
568 193 683 243 PLINII
701 193 781 246 PAN.
1105 39 1152 301 ἲ

136 343 221 407 latus
237 343 314 407 eirci
335 344 526 426 templorum
548 341 797 425 pulcritudinem
819 345 983 425 prouocat,
1009 343 1114 442 digna
1144 302 1152 389 i

137 428 254 510 populo
276 428 398 491 uictore
420 427 565 510 gentium
588 427 677 489 sedes
699 448 759 489 neo
782 428 886 489 minus
908 427 980 510 ipsa
1002 450 1110 494 msen·

137 513 177 575 da
200 534 296 595 quam
318 533 399 594 quae
422 533 460 574 ex
481 511 538 574 illa
561 510 804 594 spectabuntur:
838 511 971 575 uisenda
997 518 1110 578 autern
1150 522 1152 527 '

138 619 210 660 cum
244 599 349 660 cetera
383 595 497 679 specie,
533 599 602 658 tum
631 596 715 678 quod
749 598 901 678 aequatus
936 597 1042 678 plebis
1072 620 1109 663 ac

112 680 293 764 sprincipis
325 680 429 762 locus3
466 678 622 763 siquidem
654 701 711 763 per
744 701 836 744 omne
870 682 1010 763 spatium
1045 704 1114 746 una.

136 764 247 842 facies,
271 765 379 827 omnia
402 764 553 827 continua
575 767 607 828 et
628 765 726 847 paria,
750 786 810 828 nec
827 765 932 848 magis
954 767 1110 849 proprius

137 849 296 932 spectanti
334 847 466 913 Caesari
507 853 679 933 suggestus
720 869 816 931 quam
857 850 987 932 propria
1024 872 1112 935 quae

138 936 228 1016 spect
247 936 270 996 t.
323 933 434 997 licebit
462 954 537 1016 ergo
574 934 631 997 tibi
659 935 690 996 et
713 933 836 996 ciuibus
864 935 928 997 tuis
966 934 1109 1000 inuicem

138 1018 295 1082 contueri:
331 1018 458 1081 dabitur
486 1039 553 1080 non
582 1016 761 1081 cubiculum
789 1017 945 1101 principis
974 1019 1032 1082 sed
1060 1020 1109 1104 ip·

99 1121 123 1160 10
138 1124 206 1166 sum
230 1103 408 1186 principem
431 1122 560 1165 cernere
582 1102 616 1164 in
638 1101 777 1185 publico,
800 1102 834 1164 in
857 1101 977 1185 populo
994 1103 1111 1168 seden-

136 1189 212 1267 tem,
243 1187 372 1269 populo,
407 1186 457 1249 cui
490 1186 632 1248 locorum
659 1186 799 1269 quinque
826 1186 915 1249 milia
948 1186 1107 1252 adiecisti.

137 1291 270 1333 auxeras
308 1270 393 1333 enim
435 1291 603 1332 numerum
644 1273 711 1333 eius
749 1270 905 1354 congiarii
946 1271 1109 1337 facilitate

136 1355 351 1437 maioremque
385 1354 420 1416 in
452 1357 615 1437 posterum
650 1354 768 1436 suscipi
801 1354 1003 1420 liberalitatis
1032 1360 1111 1422 tuae

137 1438 199 1502 fide
221 1438 370 1502 iusseras

99 1541 123 1580 15
200 1522 268 1588 LII.
313 1523 435 1588 Horum
470 1545 569 1586 unum
603 1523 630 1585 si
663 1523 875 1606 praestitisset
908 1523 1001 1607 alius,
1042 1525 1108 1590 ianr

137 1608 254 1671 dudum
278 1608 325 1672 illi
347 1608 505 1672 radiatum
522 1610 620 1691 caput
638 1611 670 1670 et
691 1606 796 1670 media
817 1608 902 1671 inter
917 1606 992 1671 deos
1015 1610 1111 1674 sedes

137 1690 213 1756 auro
236 1697 335 1758 staret
357 1696 412 1757 aut
434 1693 528 1756 ebore
551 1691 853 1776 augustioribusque
876 1692 939 1755 aris
955 1695 988 1755 et
1009 1714 1108 1777 gran-

136 1777 277 1840 dioribus
304 1777 445 1841 uictimis
474 1778 683 1840 inuocaretur.
722 1779 758 1840 tu
786 1776 917 1839 delubra
944 1798 1013 1840 non
1042 1779 1109 1842 nisi

137 1861 321 1924 adoraturus
344 1861 455 1942 intras,
478 1860 539 1922 tibi
560 1860 716 1923 maximus
739 1861 843 1924 honor
865 1861 1023 1926 excubare
1046 1885 1109 1946 pro

97 1963 122 2002 ro
137 1945 264 2027 templis
286 1944 493 2027 postibusque
508 1944 661 2026 praetexi.
697 1944 742 2008 sic
764 1945 802 2008 fit
823 1948 859 2008 ut
874 1945 925 2009 dei
940 1947 998 2011 tibi
1021 1968 1108 2012 sum·

136 2049 223 2090 mum
245 2028 329 2091 inter
350 2028 496 2091 homines
517 2029 682 2113 fastigium
711 2034 849 2113 seruent,
880 2053 951 2094 cum
974 2031 1109 2096 deorum

135 2113 204 2194 ipse
225 2133 291 2175 non
314 2113 454 2196 adpetes,
492 2114 598 2197 itaque
620 2117 709 2177 tuam
724 2117 866 2178 statuam
888 2116 921 2178 in
943 2116 1109 2180 uestibulo

135 2195 220 2260 louis
236 2196 349 2281 optimi
371 2198 501 2261 maximi
516 2220 614 2261 unam
629 2198 802 2262 alterumue
819 2203 852 2262 et
873 2199 959 2262 hanc
973 2220 1108 2285 'aeream

137 2282 303 2346 cernimus.
342 2286 376 2345 at
397 2283 493 2365 paulo
517 2285 592 2346 aute
616 2282 720 2345 aditus
744 2305 864 2365 omnes,
893 2304 1003 2346 omnes
1033 2307 1108 2368 gra-

82 2387 122 2429 '25
136 2366 193 2429 dus
215 2369 346 2450 totaque
369 2388 442 2430 area
471 2366 548 2431 hinc
570 2388 656 2446 auro,
685 2365 761 2430 hinc
784 2370 918 2451 argento
941 2367 1109 2433 relucebat

136 2472 191 2514 seu
212 2453 320 2534 potius
344 2452 555 2534 polluebatur,
580 2473 652 2515 oum
673 2450 789 2514 incesti
810 2451 965 2534 principis
988 2454 1110 2517 statuis

134 2536 292 2617 permixta
326 2535 456 2599 deorum
490 2536 659 2599 simulacra
693 2535 865 2599 sorderent.
911 2556 986 2619 ergo
1021 2538 1110 2602 istae

135 2618 263 2701 quidem
285 2640 395 2682 aereae
412 2623 443 2682 et
464 2640 584 2702 paucae
599 2622 731 2683 manent
752 2621 990 2703 manebuntque
1007 2642 1109 2705 quam

135 2702 189 2764 diu
211 2701 367 2785 templum
388 2703 508 2785 ipsum3
531 2702 605 2766 illae
628 2707 734 2768 autern
758 2726 874 2770 aureae
897 2707 929 2769 et
956 2705 1109 2772 innume-

96 2811 121 2850 so
135 2784 252 2848 rabiles
281 2788 389 2933 strape
418 2808 455 2849 ac
482 2787 575 2850 ruina
602 2788 730 2871 publico
765 2789 881 2874 gaudio
915 2789 1108 2857 litauerunt.

135 2869 267 2933 iuuabat
294 2869 343 2933 illi
366 2892 418 2935 ere
447 2871 515 2935 solo
545 2874 786 2955 superbissimos
822 2874 944 2957 uultu-a,
979 2874 1110 2940 instare

202 3111 310 3161 2sedia
328 3113 386 3160 cv
416 3108 425 3175 ΙΙ
456 3112 633 3176 ispectanti
659 3109 774 3161 Caesari
793 3113 933 3164 Gesneras:
957 3115 1107 3179 spectandi

135 3177 299 3229 Caesariani
312 3177 322 3244 ll
335 3181 351 3230 8
362 3179 416 3229 tibi
435 3181 462 3227 et
480 3179 587 3228 ciuibus
606 3178 661 3228 tuis
679 3180 788 3242 scripsi:
805 3184 832 3229 te
852 3181 958 3231 ciuibus
978 3181 1035 3231 tuis
1053 3183 1108 3232 BG

133 3248 165 3294 W
183 3247 290 3297 ciuibus
308 3247 365 3296 tuis
382 3247 405 3292 V
433 3242 443 3308 u
474 3247 503 3294 11
524 3246 724 3311 quinquaginta
742 3245 820 3295 milia
832 3248 937 3311 Lipsius
965 3245 976 3313 ΙΙ
1006 3250 1039 3298 16
1060 3249 1107 3299 illi

133 3314 306 3364 iamdudum
326 3311 370 3378 011
393 3314 423 3362 17
443 3313 649 3376 angustioribus
667 3314 718 3361 cv
742 3309 751 3377 ΙΙ
777 3315 808 3364 18
827 3315 1007 3365 inuocaretc
1033 3313 1044 3380 ll
1069 3319 1108 3368 20

132 3382 185 3432 tibi
203 3384 263 3432 add.
281 3382 396 3431 Keilias:
415 3394 461 3429 om.
480 3376 574 3444 111122
593 3396 647 3430 non
665 3384 784 3445 appetas
802 3381 949 3432 Liuineius:
969 3397 1025 3432 non
1039 3383 1106 3433 ade-

133 3453 198 3513 ptus
215 3449 242 3497 li
260 3464 315 3499 non
333 3448 372 3499 sis
390 3446 509 3511 adeptus
527 3462 552 3495 w
571 3464 625 3499 non
644 3448 757 3512 adoptas
777 3451 881 3514 Lipsius
905 3446 915 3514 ΙΙ
939 3451 972 3500 29
995 3465 1107 3502 aureae

133 3519 193 3568 add.
213 3518 371 3567 Calabaeus:
390 3530 436 3565 om,
453 3517 481 3561 Κ
495 3512 500 3581 Ι
516 3520 610 3581 strage
630 3531 663 3566 ac
682 3516 702 3564 B
720 3518 750 3564 V:
770 3522 864 3581 strage
883 3524 911 3567 et
929 3520 946 3565 0
963 3519 995 3566 w
