2406 4012
141 184 203 251 182
340 186 414 238 v111.
442 185 592 238 rueram
610 186 910 239 GRATIAR.AOT10

139 337 208 401 losa
240 336 275 400 in
304 334 414 401 Sicilia
439 334 639 420 Mamertini,
677 336 713 400 in
741 335 822 401 Asia
854 335 1008 402 Ilienses:
1053 340 1110 404 soli
1142 402 1145 409 .

139 421 244 487 Aedui
270 442 337 485 non
364 423 453 484 metu
479 420 602 504 territi,
635 441 703 486 non
730 419 915 487 adulatione
943 423 1130 508 compulsi,¹

139 507 194 570 sed
216 506 360 589 ingenua
387 508 420 568 et
447 504 586 588 simplici
614 505 746 569 caritate
771 505 889 570 fratres
914 507 1030 590 populi
1051 507 1110 573 aa

139 590 229 655 mani
244 589 357 654 crediti
371 592 446 653 sunt
457 588 674 672 appellarique
689 593 884 654 meruerunt.
902 611 966 674 quc
981 593 1109 658 nomine

114 677 267 759 epraeter
290 676 396 737 cetera
417 673 689 738 necessitudinum
708 674 866 739 uocabula
887 679 921 739 et
936 678 1108 742 communi·

138 764 190 823 tas
212 758 328 822 amoris
351 760 486 841 apparet
514 761 547 821 et
568 757 736 843 dignitatis
762 757 952 841 aequalitas.
1000 761 1108 826 deinde

138 864 211 909 cum
238 842 394 907 finitimae
422 843 572 907 nationes
601 843 665 927 ipsi
691 843 740 907 illi
766 842 932 909 Romanae
960 843 1107 911 fraterni·

138 929 215 993 tatis
242 927 365 1012 gloriae
391 927 574 991 incidentes
603 931 636 991 et
663 949 763 1011 usque
791 928 828 991 in
854 929 1035 1011 perniciem
1062 931 1107 995 sui

139 1011 219 1077 odiis
240 1012 394 1078 incitatae
410 1011 587 1076 Germanos
609 1011 671 1075 sibi
693 1011 877 1076 auxiliarios
893 1013 1043 1079 dominos
1063 1015 1107 1079 in-

2 1131 4 1137 ·
101 1120 126 1159 10
139 1100 323 1175 uocassent,
352 1097 501 1180 princeps
523 1095 653 1160 Aeduus
675 1096 716 1161 ad
739 1100 887 1161 senatum
908 1098 1018 1182 uenit,
1043 1121 1106 1164 rem

138 1180 263 1264 docuit3
302 1202 435 1264 cumque
467 1180 552 1244 idem
585 1181 691 1245 oblato
720 1202 872 1246 consessu
905 1182 1016 1247 minus
1050 1183 1107 1247 sibi

137 1264 332 1329 uindicasset
359 1285 455 1347 quam
479 1264 628 1344 dabatur,
659 1268 749 1329 scuto
776 1265 908 1331 innixus
937 1269 1105 1350 percrauit.

136 1349 309 1431 impetrata
331 1369 390 1432 ope
410 1348 590 1413 Romanum
613 1350 789 1414 exercitum
807 1349 1043 1435 Caesaremque
1064 1353 1106 1417 cis

136 1431 329 1530 Rhodanum
350 1433 472 1517 primus
484 1434 621 1530 'induxit
651 1435 780 1531 (semita
801 1435 888 1532 enim
911 1434 1039 1534 Galliae
1060 1459 1106 1501 us·

99 1517 1108 1701 ¹⁵lli)3‘lelietlililbdlntlallniuditenlffllilt}

136 1686 309 1771 Pyrenaeis
338 1688 516 1770 montibus,
545 1686 659 1754 Gottiis
681 1688 820 1771 Alpibus
842 1691 1028 1755 contuetur
1049 1690 1108 1755 Ro

136 1794 234 1836 mano
255 1772 389 1855 imperio
404 1772 613 1856 tradiderunt,
636 1771 779 1837 hibernis
797 1772 1003 1856 hospitaliter
1044 1797 1108 1840 rae

136 1856 223 1938 bitis,
246 1857 458 1938 suppeditatis
478 1857 613 1940 largiter
636 1856 876 1940 commeatibus,
898 1858 998 1922 armis
1028 1860 1108 1924 abri-

97 1961 123 2001 ac
138 1939 263 2020 caudis,
294 1939 495 2021 pedestribus
521 1946 550 2004 et
571 1941 714 2023 equitum
743 1942 843 2025 copiis
865 1942 1106 2009 auxiliantibus.

135 2022 182 2086 ita
204 2022 239 2085 in
262 2044 359 2087 unam
381 2045 494 2107 pacem
522 2023 651 2090 sociatis
678 2026 826 2091 omnibus
849 2025 1015 2092 Celtarum
1038 2027 1108 2093 Bel·

135 2126 312 2257 qarmque
326 2107 453 2191 populis
471 2108 616 2192 eripuere
631 2110 785 2194 barbaris,
808 2110 959 2194 quicquid
974 2112 1108 2178 iunxere

168 2213 303 2257 omams.

199 2276 255 2343 IV.
299 2276 395 2343 Dicet
416 2276 459 2341 ali
481 2278 531 2341 uis
554 2280 679 2345 ‘uetera
701 2279 764 2342 ista
787 2282 895 2363 sunt’;
922 2281 1109 2364 etquidem

97 2361 199 2428 ashoc
221 2364 382 2429 sanctiora
404 2299 487 2448 qudd
509 2365 626 2428 uetera.
661 2363 755 2427 bonis
779 2363 865 2428 enim
886 2365 1012 2429 meritis
1037 2388 1110 2432 cum

137 2451 242 2513 aetate
265 2449 406 2534 dignitas
429 2452 461 2512 ct
483 2448 610 2532 pondus
633 2447 764 2512 accedit.
811 2452 905 2532 atque
927 2451 964 2514 ut
985 2472 1109 2536 magno

135 2536 215 2597 natu
234 2538 384 2616 parentes
405 2534 509 2616 magis
531 2533 696 2618 magisque
718 2532 754 2596 in
768 2532 836 2597 dies
859 2554 1055 2599 ueneremur
1077 2540 1109 2600 et

137 2617 286 2697 colimus,
309 2617 443 2680 fratrum
465 2638 541 2680 uero
563 2618 739 2700 aequalitas
762 2620 794 2681 et
815 2617 991 2682 liberorum
1015 2620 1109 2685 sobo·

135 2696 191 2778 les,
214 2697 382 2760 blandiore
403 2699 486 2776 licet,
516 2699 635 2763 leuiore
655 2705 763 2765 tamen
785 2702 909 2769 animos
929 2703 1041 2787 tangit
1063 2705 1109 2769 af-

93 2780 239 2844 sofectu:
272 2780 319 2845 ita
341 2781 495 2845 beneficia
516 2782 648 2867 antiqua
670 2786 821 2870 grauiora
843 2790 934 2869 sunt,
958 2789 1108 2871 quamuis

134 2864 317 2948 praesentia
339 2866 486 2929 suauiora
506 2865 684 2934 uideantur.
716 2870 771 2935 sed
792 2875 900 2935 tamen
922 2870 950 2935 si
972 2872 1031 2936 illa
1055 2895 1108 2938 uc·

134 3022 338 3032 ----....

203 3105 355 3159 lllienses
373 3111 403 3156 c:
423 3106 551 3158 Illienses
568 3110 595 3156 ll
619 3106 629 3173 ΙΙ
659 3108 864 3161 dfraternitati
882 3112 941 3162 edd·
972 3109 983 3176 ΙΙ
1012 3111 1108 3178 8310-

134 3175 189 3225 riae
207 3176 316 3238 scripsi:
334 3190 390 3226 non
407 3175 512 3240 gloriae
530 3177 558 3224 x
573 3173 584 3241 ΙΙ
606 3178 636 3225 11
655 3191 770 3240 cumque
788 3177 860 3228 idem
878 3179 1026 3229 Liuineius:
1046 3195 1109 3231 cnm

134 3242 244 3305 quidem
259 3244 288 3291 U
318 3240 323 3307 Ι
356 3257 488 3293 consessu
505 3245 528 3293 Δ
545 3244 635 3293 Besa:
657 3258 792 3294 consensu
809 3245 830 3292 B
849 3248 866 3293 c
884 3247 907 3293 V
925 3246 957 3293 W
974 3247 1072 3298 Malae.
1101 3244 1107 3311 Ι

132 3323 232 3361 munus
253 3312 318 3360 AB
348 3307 358 3376 ΙΙ
390 3313 421 3360 15
447 3309 474 3359 id
498 3327 544 3362 om.
565 3312 586 3359 V
608 3312 701 3362 Mutat.
731 3308 741 3375 ΙΙ
772 3313 803 3361 16
831 3311 896 3362 deiri
914 3316 1025 3377 sarisa:
1057 3315 1108 3366 sed

135 3376 207 3427 euim
227 3379 255 3426 ll
277 3378 325 3430 sed
347 3382 406 3430 tum
423 3378 554 3429 Liuineius
584 3377 593 3445 ΙΙ
625 3381 655 3430 17
680 3376 782 3429 cottiis
805 3382 915 3444 scripsi:
945 3383 1057 3433 cunctis
1080 3384 1108 3431 ll

134 3439 250 3561 molet
268 3447 328 3496 add.
346 3447 490 3498 Puteanus:
508 3461 554 3497 om.
573 3449 600 3496 Ι
619 3447 794 3513 equitumque
813 3449 872 3501 edd.
898 3445 909 3513 ΙΙ
938 3450 972 3499 22
990 3450 1107 3517 iungere

165 3526 208 3561 aa
221 3546 227 3560 .
