2406 4012
190 242 254 308 314
339 244 402 299 xu.
425 242 798 296 excurremrnnou.
812 243 897 294 suc.
911 243 944 293 a.
962 245 1005 294 47.

190 393 316 458 fortiter
337 392 536 477 feliciterque
558 391 678 471 fecisti,
707 395 739 455 et
761 394 922 455 annuente
947 391 1081 455 numine
1102 395 1156 455 tuo

191 482 224 542 et
251 481 364 542 senatu
397 478 529 540 fauente
556 475 682 540 dixisse.
733 496 771 539 ea
797 497 889 557 uem,
926 496 1008 560 quae
1036 475 1158 540 Romae

190 566 283 646 gesta
312 564 403 645 sunt,
438 559 563 645 qualem
584 563 616 623 te
643 559 716 623 urbi
744 559 811 624 dies
833 561 955 642 primus
981 561 1158 643 inuexerit;

94 652 108 680 ‘
191 645 262 728 quis
290 645 324 709 in
352 645 440 710 curia
466 644 582 728 fueris,
616 643 686 727 quis
715 643 750 707 in
777 645 904 728 rostris3
942 647 979 708 ut
1005 664 1160 728 pompam

165 728 411 813 spraeeuntium
431 728 625 793 ferculorum
648 749 742 792 curru
763 726 874 813 modo,
905 729 1001 793 modo
1024 729 1159 812 pedibus

191 813 394 898 subsecutus,
423 813 546 877 alterno
575 813 678 878 clerus
706 812 848 896 incessu,
882 833 970 878 nnnc
992 812 1031 876 de
1054 813 1158 896 belbe,

190 918 277 962 nunc
300 897 339 961 de
362 897 511 981 superbia
531 895 755 981 triumpharis3
785 900 822 960 ut
842 900 875 961 te
898 897 1046 962 omnibus
1069 898 1159 981 prin·

191 981 220 1046 ci
244 1002 308 1064 em,
332 981 467 1067 singulis
490 981 670 1046 exhibueris
693 983 889 1064 senatorem3
923 985 959 1046 ut
981 981 1094 1046 crebro
1118 982 1161 1045 ci·

190 1004 309 1149 uiiique
331 1087 502 1152 progressu
529 1087 597 1130 non
618 1065 746 1150 publica
767 1068 893 1129 tentum
922 1087 1020 1149 opera
1041 1065 1160 1130 lustra·

153 1170 178 1210 ιο
190 1150 274 1214 ueris
281 1198 291 1233 ,
327 1151 383 1215 sed
411 1151 555 1234 priuatas
582 1170 706 1234 quoque
738 1149 831 1213 aedes
860 1149 978 1215 diuinis
1011 1149 1096 1215 uesti
1122 1150 1160 1214 iis

191 1237 402 1317 consecraris,
432 1239 556 1298 remota
583 1232 726 1298 custodia
752 1234 884 1298 militari
911 1234 1012 1298 tutior
1038 1172 1161 1318 pubiici

191 1318 307 1382 amoris
334 1317 492 1382 excubiis:
535 1317 649 1381 horum
676 1317 757 1383 haec
784 1319 904 1403 linguis
910 1368 919 1402 ,
948 1317 1082 1400 horum,
1114 1319 1160 1382 in-

190 1422 300 1485 quam,
328 1422 407 1466 uoce
434 1400 604 1466 laudentur
633 1403 687 1486 qui
716 1402 755 1466 de
782 1402 1003 1467 communibus
1032 1402 1159 1486 gaudiis

191 1488 223 1550 et
248 1485 377 1583 dignius
404 1487 514 1570 utique
536 1507 617 1569 qnae
644 1487 783 1550 maxima
810 1489 843 1551 et
869 1487 984 1551 iustius
1006 1490 1160 1570 poterunt

152 1586 177 1628 15
189 1571 374 1653 praedlcare
397 1592 477 1655 quae
499 1572 629 1654 propria
650 1575 734 1634 sunt.
783 1593 802 1635 o
825 1592 896 1634 mea
917 1571 995 1634 felix
1016 1571 1160 1654 peregri·

190 1655 295 1720 natio!
333 1655 454 1720 obene
477 1655 616 1739 suscepti
643 1658 676 1718 ct
697 1654 843 1719 exhausti
865 1655 1005 1719 labores!
1044 1655 1158 1738 quibus

191 1760 252 1823 ego
286 1740 443 1804 intersum
470 1740 577 1804 bonis!
615 1739 728 1823 quibus
762 1760 858 1822 paror
915 1739 1034 1804 audiis!
1078 1760 1159 1823 quae

189 1844 335 1887 reuersus
371 1824 502 1889 urbibus
539 1823 715 1888 Galliarum
753 1823 943 1906 dispensoo
984 1823 1158 1888 miracula!

190 1908 320 2052 &uentis
352 1908 549 1991 stupentium
580 1908 723 1991 populis,
763 1929 858 1991 quam
890 1907 992 1971 multo
1027 1907 1159 1972 circnm-

152 2007 178 2047 ao
213 1989 291 2053 abor
317 1991 478 2073 auditore,
508 2012 580 2055 cum
607 1992 731 2056 dixero:
769 1991 916 2056 ‘Romam
943 1992 1026 2073 uidi,
1054 1992 1158 2057 Theo-

190 2073 314 2137 dosium
346 2074 413 2138 uidi
446 2079 479 2140 et
511 2079 681 2158 utrumque
716 2076 810 2140 simul
843 2076 923 2161 uidi3
967 2075 1035 2140 uidi
1067 2076 1159 2140 illum

190 2157 344 2242 principis
364 2161 498 2242 patrem,
520 2159 587 2222 uidi
608 2159 698 2223 illum
720 2160 875 2243 principis
897 2160 1068 2240 uindicem,
1093 2159 1159 2224 uidi

189 2242 280 2306 illum
316 2243 471 2340 principis
507 2245 751 2309 restitutorem’!
797 2244 836 2307 ad
873 2266 924 2309 me
961 2244 1158 2329 longinquae

191 2331 385 2392 conuenient
407 2328 563 2411 ciuitates,
587 2351 606 2393 a
628 2351 678 2392 me
700 2333 862 2413 gestarum
885 2329 1030 2393 ordinem
1051 2349 1157 2393 rerum

150 2429 177 2468 rs
190 2411 280 2476 stilus
303 2413 407 2477 omnis
429 2414 579 2496 accipiet,
608 2436 627 2477 a
649 2435 700 2477 me
723 2416 948 2497 argumentum
970 2413 1114 2496 poetica,
1140 2434 1158 2476 a

189 2517 240 2559 me
267 2495 363 2561 fidem
397 2503 501 2562 sumet
527 2497 672 2562 historia.
721 2497 924 2580 conpensabo
958 2497 1020 2561 tibi
1052 2497 1157 2579 istam,
1187 2506 1192 2517 '

189 2579 376 2664 imperator,
399 2582 549 2646 iniuriam
555 2631 564 2665 ‚
587 2583 629 2665 si,
652 2603 725 2646 cum
746 2581 784 2645 de
806 2585 839 2645 te
861 2581 930 2665 ipse
952 2581 1000 2645 nil
1023 2581 1157 2646 dixerim

190 2664 273 2744 quod
294 2665 466 2749 legendum
488 2667 544 2749 sit,
566 2667 724 2732 instruam
746 2666 801 2751 qui
823 2666 981 2751 legantur.

190 2969 197 2982 .
259 2902 272 2950 1
296 2907 325 2952 et
346 2904 428 2954 amc
458 2900 468 2968 ΙΙ
497 2906 513 2954 3
534 2910 593 2968 poet
616 2909 696 2969 gesta
714 2909 778 2956 suut
799 2906 873 2970 θυεμ.
892 2906 954 2956 add.
978 2910 1007 2955 et
1024 2908 1155 2969 geruntur

189 2970 307 3050 ingeniis
329 2970 514 3052 permittenda
535 2971 665 3024 Romanis
689 2977 753 3023 sunt
781 2970 791 3038 t
827 2974 857 3053 tl
880 2976 957 3023 tutus
978 2972 1055 3023 Bert.
1085 2971 1095 3037 fl
1125 2973 1154 3053 {9

189 3035 356 3167 21:32?ss
373 3041 406 3157 ἓξ
423 3044 609 3171 inditiitdoem
626 3041 659 3087 W
679 3037 689 3105 u
710 3042 743 3090 25
761 3044 869 3105 poetica
886 3055 932 3090 om.
951 3042 973 3088 Δ
994 3037 1004 3104 ΙΙ
1026 3041 1059 3090 2⁷
1076 3043 1154 3090 malm
