2394 3990
337 207 495 258 TRAIANO
514 208 550 257 D.
567 209 681 263 ,53-55.
949 207 991 270 49

36 360 137 422 senatu
164 355 322 440 agebatur
352 358 475 419 utnon
496 356 643 420 laudibus
672 357 854 441 principum
881 357 992 420 immo-

39 445 172 506 rarentur
187 439 438 523 quibuscumque
461 441 611 504 censendi
625 441 799 505 necessitas
815 440 991 505 accidisset.

42 525 72 588 de
89 523 272 608 ampliando
293 545 426 587 numero
448 523 661 608 gladiatorum
684 528 741 589 aut
762 525 800 590 de
822 525 992 590 instituen-

43 607 75 672 do
94 609 226 692 collegio
249 607 412 672 fabrorum
434 608 676 674 consulebamur
699 613 730 674 et
744 611 837 694 quasi
857 609 993 693 prolatis

10 702 12 709 '
44 691 152 777 inperii
180 692 300 756 finibus
328 714 414 756 nunc
441 693 590 777 ingentes
624 715 715 758 arcus
748 713 1020 778 excessurosques

10 768 16 841 l
47 778 223 862 templorum
245 775 412 861 fastigium
433 777 556 860 titulos,
580 800 667 842 nuno
681 800 807 843 menses
826 780 924 843 etiam
935 800 996 843 nec

17 894 20 901 ·
48 859 93 924 hos
111 861 255 946 singulos
276 861 399 924 nomini
412 860 585 926 Caesarum
601 862 795 930 dicebamus.
832 864 997 946 patieban-

50 946 89 1007 tur
109 947 155 1010 illi
178 949 222 1028 et,
251 945 345 1028 quasi
371 945 571 1028 meruissent,
599 946 808 1010 laetabantur.
851 951 884 1009 at
910 966 998 1010 nuno

52 1029 105 1111 quis
122 1032 280 1111 nostrum,
302 1032 465 1112 tamquam
481 1029 599 1094 oblitus
622 1031 689 1094 eius
711 1030 828 1114 dequo
850 1030 997 1112 refertur,

55 1114 184 1178 censendi
213 1112 356 1177 officium
376 1114 532 1197 principis
559 1114 680 1179 honore
707 1115 889 1179 consumit?
925 1118 999 1179 tuae
1012 1134 1037 1172 ro

55 1197 261 1262 moderationis
294 1198 364 1262 laus
394 1197 474 1262 haec
504 1200 682 1263 constantia
708 1202 818 1263 nostra
845 1203 908 1263 est:
939 1199 1000 1263 tibi

27 1280 30 1289 '
56 1279 237 1366 obsequimur
260 1281 343 1365 quod
370 1283 406 1346 in
434 1282 556 1346 curiam
581 1305 646 1347 non
674 1285 713 1348 ad
743 1287 904 1348 certamen
926 1283 1000 1347 adu-

56 1360 197 1450 lationum,
214 1365 271 1430 sed
283 1365 323 1430 ad
333 1388 426 1430 usum
441 1388 619 1451 munusque
631 1368 771 1432 iustitiae
784 1369 1001 1450 conuenimus‚

58 1444 123 1514 banc
147 1451 349 1535 simplicitati
376 1453 451 1514 tuae
478 1453 671 1536 ueritatique
704 1455 843 1536 gratiam
870 1451 1002 1515 relaturi

31 1532 127 1598 :ure
147 1557 228 1618 quae
257 1536 307 1598 uis
335 1535 429 1618 uelle,
453 1556 533 1619 quae
555 1557 623 1601 non
645 1537 694 1600 uis
716 1536 802 1599 nolle
826 1536 1000 1599 credamus.
1016 1552 1041 1592 15

60 1613 208 1702 incipimus
231 1619 316 1702 inde,
341 1619 515 1683 desinimus
539 1621 593 1703 ibi,
618 1642 637 1683 a
659 1641 721 1703 quo
743 1620 853 1703 incipi,
884 1620 1003 1701 inquo

60 1697 143 1766 desini
162 1704 222 1767 sub
244 1703 308 1768 alio
330 1703 476 1788 principe
498 1724 566 1767 non
588 1707 706 1787 posset.
739 1725 814 1767 nam
836 1704 1004 1786 plerosque

60 1802 90 1846 ex
107 1787 233 1852 decretis
254 1787 433 1852 honoribus
456 1792 488 1852 et
511 1787 565 1850 alii
587 1809 654 1852 non
675 1790 880 1872 receperunt3
910 1807 1004 1850 nemo

60 1871 120 1934 ante
144 1876 171 1937 te
195 1875 305 1937 tantus
334 1872 396 1936 fuit
424 1875 460 1936 ut
489 1872 670 1937 crederetur
697 1873 838 1937 noluisse
866 1871 1004 1936 decerni.

60 1955 127 2035 quod
158 1977 218 2040 ego
246 1957 352 2020 titulis
386 1957 535 2021 omnibus
565 1958 737 2040 speciosius
765 1979 844 2040 reor,
880 1957 1006 2041 quando
1019 1974 1044 2013 20
1088 2022 1093 2031 ,

61 2055 112 2101 non
122 2040 263 2104 trabibus
285 2044 341 2104 aut
362 2041 449 2104 saxis
470 2062 587 2105 nomen
602 2045 691 2107 tuum
715 2043 770 2107 sed
791 2041 1007 2106 monumentis

63 2123 188 2189 aeternae
209 2124 313 2188 laudis
336 2125 497 2189 inciditur.

108 2207 171 2273 LV.
201 2208 267 2273 Ibit
287 2209 324 2272 in
346 2209 473 2273 saecula
493 2210 592 2274 fuisse
610 2211 790 2294 principem
815 2209 865 2272 cui
881 2206 1009 2270 florenti

65 2290 250 2358 etincolumi
275 2315 449 2377 numquam
477 2295 543 2357 nisi
563 2295 680 2358 modici
701 2293 854 2373 honores,
886 2290 1010 2372 saepius

65 2374 127 2438 nili
139 2378 393 2442 decernerentur.
424 2380 456 2441 et
472 2399 559 2461 sane,
582 2379 609 2441 si
626 2378 761 2441 uelimus
783 2395 854 2438 cum
868 2373 1011 2456 priorum
1024 2390 1049 2430 25

66 2454 222 2544 temporum
243 2463 435 2526 necessitate
457 2466 591 2543 certare,
614 2463 792 2525 uincemur:
814 2456 1013 2542 ingeniosior

67 2542 102 2605 ct
119 2546 200 2610 enim
223 2545 264 2609 ad
287 2546 534 2631 excogitandum
557 2545 718 2610 simulatio
741 2543 886 2625 ueritate,
916 2541 1014 2606 serui·

49 2623 105 2689 bs
121 2628 278 2710 libertate,
301 2634 405 2694 metus
428 2653 545 2695 amore.
583 2631 687 2714 simul,
711 2651 782 2694 cum
805 2628 1014 2711 iampridem

67 2713 170 2778 neuras
197 2715 301 2778 omnis
329 2715 511 2780 adulatione
539 2719 728 2799 consumpta
756 2715 807 2793 sit,
837 2735 904 2777 non
932 2713 1015 2777 alius

68 2809 126 2879 ttgc
144 2802 176 2862 ta
196 2819 300 2863 nouus
323 2800 426 2863 honor
448 2804 593 2883 superest
616 2822 710 2884 quam
732 2799 760 2862 si
781 2798 952 2882 aliquando
975 2797 1014 2860 de
1028 2811 1053 2854 ³0

68 2874 212 2947 tacere
240 2883 422 2947 audeamus.
459 2905 530 2969 age,
559 2884 586 2947 si
615 2884 742 2967 quando
775 2883 877 2966 pietas
905 2884 1017 2947 nostra

70 2958 211 3030 dentum
246 2968 335 3050 rupit
371 2970 404 3031 et
438 2969 662 3032 uerecundiam
699 2970 787 3030 tuam
818 2966 906 3049 uicit,
937 2986 1017 3049 quae

49 3047 215 3134 'qualiaque
243 3055 299 3116 aut
326 3052 525 3117 decernimus
551 3042 624 3116 nos'
640 3054 696 3116 aut
723 3055 757 3115 tu
786 3073 852 3115 non
873 3049 1016 3113 recusas!

71 3177 252 3198 *-

122 3252 213 3321 tnec]
234 3270 290 3307 non
307 3257 363 3305 BV
374 3255 413 3324 1Ιῖ
431 3256 592 3309 dicebamus
611 3271 639 3322 ςε
659 3256 818 3327 diqebamus
836 3256 863 3303 Μ
880 3251 890 3316 ΙΙ
909 3253 939 3301 11
958 3250 1020 3302 laus

10 3343 13 3350 ’
73 3308 126 3368 hec
143 3323 284 3374 demeres:
306 3324 378 3375 hacc
395 3325 456 3376 laus
473 3327 500 3374 Μ
527 3325 531 3386 Ι
558 3328 602 3375 est
618 3326 699 3374 idem:
722 3324 792 3373 ern
822 3319 832 3386 ΙΙ
863 3323 894 3370 19
914 3325 976 3370 ante
995 3325 1021 3369 te

10 3383 13 3395 '
74 3377 172 3448 uptun:
190 3394 255 3441 ante
267 3389 363 3456 121126
381 3407 442 3444 neo.
462 3395 635 3444 uinceremur
654 3396 770 3442 certare.
786 3392 835 3454 ing
847 3392 864 3437 0
877 3385 887 3453 ΙΙ
899 3390 932 3438 27
951 3389 1022 3438 enim

10 3445 14 3510 Ι
74 3458 108 3501 ⁶¹·
122 3455 137 3504 t
152 3453 163 3521 fl
180 3459 213 3508 29
229 3461 313 3509 malim
332 3459 488 3511 adulationi
505 3458 515 3525 ΙΙ
532 3463 564 3511 33
584 3460 733 3524 qualiaque
753 3462 801 3509 aut
819 3458 877 3512 dec.
890 3459 935 3505 W:
956 3471 1023 3520 qua-

78 3510 153 3585 lisque
172 3523 229 3575 dee.
247 3528 265 3574 0
284 3527 379 3592 qualia
397 3528 469 3593 quod
488 3531 535 3577 aut
554 3527 613 3581 deo.
631 3527 652 3575 B
671 3529 692 3575 V

112 3608 193 3654 Pom.
207 3624 263 3658 nnn.
805 3610 822 3658 4
