2406 4012
232 208 443 263 MAXIMIANO
461 210 511 261 ΕΤ
530 205 792 263 CONSTANTINO
810 209 844 260 D.
865 211 939 260 1-2.
1009 205 1070 270 149

97 382 238 446 cumque
259 359 359 425 Fama
385 361 471 424 ultra
492 364 643 424 naturam
672 380 734 443 qua
755 358 889 444 fingitur
911 357 1072 422 discursus

95 447 247 512 uolucres
268 447 413 509 mutuata
436 447 468 508 et
482 445 555 528 plus
577 466 673 528 quam
693 443 781 507 mille
803 442 935 507 uocibus
957 463 1073 506 sonora

97 530 293 616 percrebuit,
314 533 352 593 ut
365 529 507 593 omnium
524 531 693 593 nationum
713 526 981 614 gratulationibus
996 547 1072 591 con-

99 618 244 681 secretm
276 614 419 698 (etquid
450 614 544 678 rebus
571 613 722 676 humanis
752 612 940 696 contingere
968 610 1074 695 potuit

98 703 160 765 aut
175 698 314 763 nobilius
336 699 375 761 ad
391 698 526 782 gloriam
550 700 604 761 aut
622 697 741 762 certius
764 697 956 761 adsalutem
980 713 1100 778 quams

99 784 189 868 quod
211 783 365 866 pristinae
387 784 513 846 uestrae
536 781 728 847 concordiae
751 784 985 865 perpetuaeque
1008 779 1074 865 pie-

100 868 166 933 tati
180 867 241 931 hoo
256 888 381 950 quoque
398 867 517 951 pignus
534 867 678 949 accessit,
695 887 890 930 summorum
904 865 1072 930 nominum

102 953 266 1017 artissima
282 951 506 1016 coniunctione
519 950 712 1033 uenerabile,
726 953 762 1013 ut
775 949 961 1034 imperatori
972 949 1072 1013 filiam

104 1036 311 1102 collocauerit
342 1033 575 1119 imperator?):
620 1035 675 1098 sed
707 1037 819 1098 tamen
852 1055 912 1097 nos
946 1035 1074 1116 oportet

102 1142 215 1186 omnes
230 1120 375 1183 homines
398 1119 597 1183 exultatione
619 1141 778 1203 superare,
801 1118 856 1202 qui
870 1117 932 1182 hoc
946 1120 1074 1181 tantum
1087 1137 1114 1176 ro

103 1206 152 1270 rei
174 1203 322 1288 publicae
337 1204 455 1268 bonum
473 1208 656 1287 praesentes
678 1204 839 1268 intuemur
860 1204 893 1267 et
914 1203 985 1285 ipsa
1006 1202 1074 1265 uul-

103 1294 195 1353 tuum
229 1291 408 1352 uestrorum
443 1289 711 1371 contemplatione
745 1288 898 1352 sentimus
927 1289 974 1350 ita
1002 1308 1075 1351 con·
1163 1311 1166 1315 ·

104 1373 233 1436 uenisse
262 1394 337 1455 uos,
374 1373 421 1436 ita
450 1394 517 1436 non
545 1373 691 1437 dexteras
718 1375 861 1456 tantum,
894 1372 950 1436 sed
978 1372 1076 1435 etiam

104 1478 218 1522 sensus
240 1459 364 1520 uestros
386 1460 573 1541 mentesque
595 1458 736 1521 iunxisse
758 1460 804 1538 ut,
828 1458 855 1520 si
873 1457 942 1520 fieri
962 1455 1074 1539 possit,

105 1542 244 1606 transire
266 1541 403 1605 inuicem
426 1542 461 1604 in
483 1545 615 1624 pectora
637 1544 744 1606 uestra
766 1541 912 1623 cupiatis.
1089 1556 1116 1598 15

171 1624 213 1690 ll.
264 1625 347 1700 Quid
369 1627 453 1689 enim
478 1630 533 1689 aut
554 1630 591 1689 tu
614 1626 717 1689 carius
740 1626 815 1688 dare
838 1627 894 1687 aut
914 1625 948 1686 tu
973 1623 1076 1686 carius

105 1711 252 1792 accipere
274 1710 434 1792 potuisti?
468 1731 538 1772 cum
561 1709 622 1772 hac
644 1709 801 1773 affinitate
823 1710 930 1772 uestra
953 1711 986 1771 et
1006 1707 1077 1789 tibi,

104 1794 314 1876 Maximiano,
337 1815 395 1878 per
410 1814 566 1877 generum
579 1795 711 1857 iuuenta
730 1795 883 1857 renouata
898 1792 940 1856 sit
959 1796 992 1856 et
1006 1792 1077 1875 tibi,

107 1878 339 1962 Constantine,
364 1900 421 1961 per
443 1898 587 1941 socerum
610 1899 725 1942 nomen
748 1877 949 1960 imperatoris
972 1897 1077 1941 accre-

105 1962 201 2028 uerit.
239 1963 395 2026 maximas
417 1962 525 2044 itaque
548 1962 654 2046 uobis,
678 1964 801 2028 aeterni
822 1963 983 2047 principes
989 2012 999 2046 ‚
1021 1984 1077 2045 pu·
1090 1979 1116 2019 u

105 2047 193 2111 blico
208 2047 339 2111 nomine
354 2047 476 2131 gratias
492 2048 627 2132 egimus,
646 2049 728 2131 quod
744 2048 953 2132 suscipiendis
968 2046 1077 2111 liberis

107 2130 320 2215 optandisque
347 2131 518 2214 nepotibus
546 2134 661 2195 seriem
690 2134 789 2197 uestri
810 2133 937 2217 generis
962 2152 1077 2218 propa·

132 2215 216 2280 ando
245 2215 392 2279 omnibus
420 2216 455 2279 in
483 2216 625 2280 futurum
655 2217 789 2282 saeculis
817 2217 1008 2299 prouidetis,
1042 2216 1078 2278 ut

139 2321 255 2363 omana
281 2321 332 2364 res
360 2299 437 2364 olim
460 2300 594 2364 diuersis
620 2302 802 2383 regentium
825 2299 967 2362 moribus
988 2299 1077 2361 fatis-

106 2406 169 2468 que
198 2384 317 2448 iactata
338 2384 468 2448 tandem
490 2383 653 2467 perpetuis
676 2383 788 2447 domus
815 2386 939 2446 uestrae
961 2381 1075 2445 radici·
1089 2400 1116 2440 rs

106 2469 167 2532 bus
188 2468 391 2532 conualesoat
404 2472 533 2551 tamque
549 2468 593 2530 sit
606 2466 787 2531 immortale
807 2466 893 2530 illius
908 2465 1076 2549 imperium

107 2574 205 2636 quam
225 2551 420 2636 sempiterna
440 2551 565 2616 soboles
582 2552 821 2634 imperatorum.
843 2550 923 2614 haec
938 2553 987 2615 est
1002 2572 1078 2614 uera

105 2637 227 2721 pietas,
258 2636 336 2702 haec
364 2637 513 2720 uoluptas
541 2637 750 2701 conseruandi
778 2635 904 2722 generis
931 2636 1075 2720 humani,

107 2722 290 2804 exemplum
319 2721 393 2785 dare
421 2720 573 2806 gentibus
604 2721 642 2784 ad
671 2721 877 2787 matrimonia
905 2720 1077 2785 studiosius

107 2807 288 2888 expetenda
324 2810 356 2869 et
387 2805 504 2870 liberos
541 2806 738 2888 educandos,
776 2810 813 2872 ut
844 2805 1074 2870 substituendis
1087 2822 1114 2863 ao

107 2890 364 2954 successionibus
385 2890 585 2975 singulorum
600 2891 690 2956 nihil
712 2892 798 2955 obsit
818 2911 1076 2974 unumquemque

107 2995 179 3039 esse
200 2975 379 3058 mortalem,
406 2996 476 3039 curn
499 2975 690 3039 immortalis
712 2977 755 3039 sit
776 2976 920 3039 omnium
941 2974 1076 3057 posteri·

106 3061 176 3122 tate
204 3080 255 3123 res
283 3059 423 3142 publica.
468 3081 581 3143 quare,
616 3061 642 3123 si
670 3060 758 3143 leges
785 3080 840 3123 eae
868 3078 949 3140 quae
976 3058 1076 3121 multa

106 3199 312 3211 μ...

178 3267 190 3314 1
211 3264 294 3325 ultra3
313 3266 395 3315 malim
413 3265 491 3314 iuxta
507 3259 518 3327 ΙΙ
534 3266 550 3313 4
570 3267 598 3313 et
609 3265 712 3315 addidi:
731 3281 777 3315 om.
792 3265 820 3311 1
837 3261 902 3327 quid
914 3262 984 3311 enim
998 3261 1075 3328 θυεμ.

104 3327 115 3397 l
133 3333 150 3383 6
169 3329 230 3398 aut]
251 3338 282 3383 ut
299 3334 322 3381 A
339 3331 384 3382 uel
402 3333 435 3381 W
450 3329 455 3395 Ι
470 3330 603 3383 nobilitas
619 3334 642 3381 A
661 3329 671 3396 ΙΙ
693 3334 724 3381 12
743 3331 847 3381 uultum
864 3332 887 3379 A
901 3328 906 3394 1
922 3335 1075 3382 nostrorum

108 3400 142 3448 W
163 3396 173 3464 l
195 3402 227 3451 13
247 3399 359 3449 dextras
377 3399 399 3447 V
419 3397 429 3464 ΙΙ
455 3401 485 3449 15
503 3399 624 3450 inuicem
642 3416 688 3451 om.
707 3403 740 3449 W
763 3397 773 3463 ΙΙ
797 3401 828 3446 22
848 3399 1025 3464 propagando
1045 3414 1074 3465 ςε

107 3468 282 3533 prorogando
299 3468 327 3513 n
351 3465 361 3531 Ι]
384 3468 417 3516 26
435 3467 574 3517 coalescat
592 3469 652 3518 edd.
677 3465 687 3532 11
710 3469 744 3518 28
762 3465 892 3516 uoluntas
910 3469 1044 3518 Acidaliae
1067 3464 1075 3529 ξΙ

109 3538 142 3586 32
162 3535 234 3585 omni
252 3536 275 3583 A
287 3535 319 3583 W
337 3535 455 3585 omnium
475 3535 502 3583 in
521 3533 595 3584 Bert.
614 3531 624 3599 ss
641 3538 673 3586 33
692 3550 724 3584 ee
743 3536 788 3583 W:
809 3549 823 3584 e
841 3536 864 3583 A
881 3534 933 3585 hae
950 3536 970 3583 B
988 3538 1005 3584 0
1023 3535 1046 3581 V
