2406 4012
414 195 574 246 TRAIANO
593 197 628 247 D.
651 199 761 249 45-47.
1028 199 1069 262 41

98 346 161 409 dus
189 347 227 407 ut
248 347 401 427 appareat
422 347 583 409 auctorem
606 345 821 429 displicuisse,
850 369 915 411 non
937 347 1068 415 factum.

98 430 187 494 idem
211 449 289 513 ergo
311 428 450 511 populus
472 429 535 506 ille,
566 430 738 514 aliquando
767 432 907 495 scaenici
934 433 1069 515 impera-

99 513 182 579 toris
219 515 380 596 spectator
412 515 446 577 et
473 513 653 597 applausor,
687 536 774 579 nuno
802 517 837 579 in
864 518 1069 599 pantomimis

122 619 227 681 noque
250 600 417 661 auersatus
439 599 472 661 et
493 598 625 663 damnat
647 599 844 665 effeminatas
867 603 951 665 artes
967 606 1000 665 et
1022 602 1069 666 in-

100 621 218 747 decora
240 682 366 746 saeculo
389 683 506 745 studia.
544 705 583 747 cx
604 705 667 767 quo
689 684 897 749 manifestum
913 690 962 750 est
983 687 1096 770 prin-5

100 768 211 851 cipum
239 766 444 849 disciplinam
472 788 585 850 capere
614 770 712 832 etiam
735 771 860 854 uulgus,
891 793 963 834 cum
989 793 1068 854 rem,

100 854 128 916 si
151 874 171 917 a
191 851 277 915 bono
299 850 367 933 fiat,
392 851 627 915 seuerissimam
649 852 785 917 fecerint
807 875 928 919 omnes.
966 859 1069 920 macte

99 935 162 1000 hac
184 935 354 1021 grauitatis
374 933 488 1020 gloria,
512 936 639 1019 Caesar,
671 959 733 1020 qua
756 942 944 1002 consecutus
972 961 1005 1002 es
1034 943 1069 1003 ut

100 1020 186 1104 quod
209 1024 305 1084 antea
326 1019 375 1082 uis
398 1022 430 1082 εὴ
450 1020 621 1104 imperium
643 1043 730 1085 nunc
753 1043 855 1085 mores
866 1026 1068 1087 uocarentur.

100 1105 343 1188 castigauerunt
369 1104 449 1167 uitia
475 1126 532 1168 sua
558 1105 621 1189 ipsi
644 1107 700 1189 qui
727 1107 876 1190 castigari
905 1108 1108 1171 merebam-10

100 1192 165 1270 tur,
198 1189 346 1271 idemque
374 1190 592 1254 emendatores
622 1191 676 1273 qui
705 1190 895 1254 emendandi
927 1192 1067 1256 fuerunt.

100 1275 210 1356 itaque
237 1293 332 1336 nemo
354 1272 393 1336 de
416 1275 587 1338 seueritate
615 1277 671 1338 tua
693 1276 844 1358 queritur,
874 1281 907 1340 et
933 1276 1069 1341 liberum

101 1360 152 1422 est
174 1358 273 1441 queri.
312 1357 367 1420 sed
390 1379 462 1420 cum
484 1358 530 1422 ita
553 1364 769 1442 comparatum
796 1361 839 1424 sit
860 1365 896 1424 ut
918 1361 956 1425 de
978 1362 1067 1426 nullo

100 1442 208 1506 minus
243 1442 388 1525 principe
424 1447 598 1525 querantur
630 1443 776 1508 homines
811 1466 906 1527 quam
941 1447 978 1510 de
1006 1468 1068 1528 quo

101 1528 240 1590 maxime
263 1526 348 1608 licet,
370 1530 427 1589 tuo
449 1527 484 1590 in
505 1528 632 1592 saeculo
654 1529 735 1592 nihil
759 1531 807 1592 est
829 1551 891 1612 quo
914 1551 981 1593 non
1002 1545 1108 1592 om-15

100 1633 143 1675 ne
164 1609 330 1674 hominum
351 1632 455 1694 genus
478 1612 613 1676 laetetur
635 1617 668 1675 et
696 1613 845 1695 gaudeat.
888 1614 967 1677 boni
995 1635 1067 1695 pro-

102 1694 274 1777 uebuntur,
287 1695 382 1778 -mali,
406 1696 461 1779 qui
484 1701 534 1760 est
555 1696 837 1779 tranquillissimus
865 1700 967 1761 status
991 1697 1067 1760 ciui-

100 1780 190 1862 tatis,
213 1801 273 1844 nec
294 1779 410 1845 timent
437 1801 496 1846 nec
524 1781 689 1844 timentur.
732 1781 868 1844 mederis
897 1781 1067 1862 erroribus,

101 1864 161 1928 sed
193 1864 451 1947 implorantibus,
491 1866 702 1948 omnibusque
734 1887 812 1949 quos
852 1866 955 1930 bonos
987 1866 1068 1931 facis

100 1948 186 2012 hanc
208 1949 324 2012 astruis
346 1949 473 2013 laudem
495 1972 536 2016 ne
559 1951 700 2034 coegisse
722 1951 869 2014 uidearis.
1081 1969 1107 2008 ro

159 2032 290 2098 XLVII.
306 2033 414 2109 Quid?
428 2034 538 2114 uitam,
552 2034 650 2118 quid?
667 2057 772 2099 mores
784 2035 960 2099 iuuentutis
972 2058 1068 2120 quam

99 2116 322 2201 principaliter
332 2118 466 2182 formas!
483 2141 576 2202 quem
589 2120 742 2184 honorem
755 2121 882 2184 dicendi
895 2121 1066 2204 magistris,

100 2222 198 2284 quam
219 2201 438 2286 dignationem
461 2204 638 2287 sapientiae
667 2204 850 2268 doctoribus
879 2204 994 2268 habes!
1032 2209 1069 2267 ut

100 2287 160 2350 sub
182 2288 216 2349 te
239 2286 433 2369 spiritumet
455 2289 647 2373 sanguinem
665 2292 697 2353 et
718 2291 855 2372 patriam
877 2290 1068 2371 receperunt

100 2370 223 2434 studia!
262 2392 341 2453 quac
373 2372 517 2455 priorum
544 2376 725 2456 temporum
752 2373 934 2435 immanitas
963 2371 1066 2434 exiliis
1081 2389 1106 2429 aa

99 2455 265 2538 puniebat,
289 2476 360 2519 cum
383 2457 444 2520 sibi
466 2457 617 2520 uitiorum
640 2457 781 2520 omnium
809 2455 953 2518 conscius
981 2454 1068 2538 prin-

101 2559 178 2623 ceps
199 2539 347 2605 inimicas
369 2541 457 2604 uitiis
480 2544 564 2604 artes
587 2561 654 2604 non
676 2540 749 2604 odio
777 2540 881 2623 magis
904 2561 998 2622 quam
1020 2560 1068 2602 re·

98 2624 246 2687 uerentia
265 2625 437 2708 relegaret.
475 2629 509 2690 at
529 2630 565 2690 tu
588 2625 714 2689 easdem
737 2628 821 2688 artes
844 2626 879 2688 in
902 2624 1068 2708 complexu

100 2707 203 2772 oculis
236 2709 363 2773 auribus
396 2711 504 2774 habes.
556 2713 699 2793 praestas
734 2710 819 2775 enim
853 2732 1068 2794 quaecumque

99 2792 304 2876 praecipiunt
330 2797 518 2876 tantumque
548 2817 599 2858 eus
623 2795 730 2879 diligis
758 2799 914 2879 quantum
937 2795 977 2858 ab
1003 2793 1068 2857 illis
1081 2811 1106 2850 to

98 2877 256 2959 probaris.
295 2900 337 2942 an
359 2879 525 2962 quisquam
548 2879 654 2943 studia
675 2879 883 2943 humanitatis
906 2879 1067 2959 professus

98 2982 169 3025 non
184 2983 255 3026 cum
270 2964 380 3028 omnia
401 2967 457 3027 tua
478 2967 548 3027 tum
563 2964 616 3028 uel
638 2965 672 3026 in
687 2965 799 3047 primis
821 2963 969 3027 laudibus
984 2962 1068 3025 ferat

99 3045 332 3112 admissionum
369 3052 498 3112 tuarum
535 3048 749 3113 facilitatem?
788 3069 907 3132 magno
941 3047 1068 3129 quidem

171 3254 184 3300 1
205 3259 278 3307 auct.
297 3270 352 3304 non
372 3253 452 3320 displ.
471 3253 577 3304 factum
595 3251 663 3319 ⁰l3
680 3252 794 3319 plausor
810 3255 844 3301 W
859 3249 869 3316 ΙΙ
885 3253 902 3300 4
921 3254 1068 3300 auersatus

96 3318 262 3372 Beroaldus:
276 3320 476 3372 aduersaturli
487 3319 497 3387 ΙΙ
511 3324 526 3372 7
539 3322 639 3372 abono
652 3337 712 3386 ego:
725 3321 759 3371 ab
772 3336 827 3371 uno
836 3322 864 3367 11
878 3317 883 3382 1
899 3319 1025 3368 fecerunt
1034 3319 1067 3364 W

100 3386 112 3451 ΙΔ
134 3390 151 3437 9
168 3386 223 3454 uis]
242 3388 284 3439 ius
298 3391 320 3437 V
332 3387 342 3453 l
357 3392 388 3440 10
401 3391 537 3456 castigare
549 3392 576 3437 11
589 3388 598 3454 ΙΙ
614 3391 644 3439 15
661 3394 710 3438 tuo
723 3404 752 3454 ςε
771 3393 827 3438 tum
839 3389 866 3434 11
878 3385 888 3451 ΙΙ
903 3387 933 3436 lt
946 3387 1012 3450 quio
1025 3393 1068 3436 cst

96 3457 148 3504 BV
161 3454 164 3520 l
178 3461 268 3507 status
278 3458 351 3509 0711AE
364 3455 375 3521 l}
388 3458 420 3508 18
431 3464 491 3521 port
500 3458 632 3507 timentur
639 3456 715 3521 Casp.
728 3457 857 3508 uitiorum
868 3454 1068 3520 poenitentiam

99 3528 233 3587 expectas
251 3527 312 3576 add.
326 3523 336 3590 ΙΙ
351 3527 382 3576 19
400 3525 449 3577 scd
466 3525 671 3591 implorantium
683 3525 842 3575 Schroaraias
854 3520 864 3588 ΙΙ
877 3524 910 3573 25
929 3539 962 3573 ex
979 3521 1066 3571 illisB
