2406 4012
134 191 175 255 66
456 196 479 245 1.
517 193 545 243 C.
563 193 679 244 PLINII
697 193 777 243 PAN.

134 343 217 406 dicio
240 364 347 407 corum
370 343 593 438 quitposteros
615 341 733 406 habere
756 343 881 408 nobiles
903 347 1110 409 mererentur
1145 330 1149 371 '⁵

135 448 229 511 quam
252 449 360 491 eorum
383 448 438 510 qur
460 430 610 510 parentes
632 427 842 491 habuissent?
873 430 947 490 ote
971 429 1108 514 dignum
1144 452 1147 457 ·

134 512 189 595 qui
218 512 257 575 de
284 511 525 594 magistratibus
559 512 678 574 nostris
707 532 833 594 semper
863 511 946 575 haee
974 515 1112 578 nunties-

133 617 194 659 nsc
221 595 332 678 poenis
362 594 517 657 malorum
552 594 606 658 sed
636 596 791 659 bonorum
820 596 973 679 praemiis
1003 597 1106 661 bonos

108 680 251 742 sfaciasi
297 699 432 742 accensa
462 681 511 742 est
537 679 687 743 iuuentus
718 680 880 763 erexitque
910 681 1041 745 animos
1068 683 1108 746 ad

135 763 358 825 aemulandum
391 762 475 846 quod
500 762 624 826 laudari
657 764 803 842 uidebat,
841 785 901 828 neo
928 764 995 828 fuit
1023 767 1106 849 quis-

135 867 230 929 quam
254 868 346 930 quem
368 868 436 910 non
452 846 532 911 haec
555 848 707 930 cogitatio
731 848 852 911 subiret
875 846 961 935 [curn
983 850 1109 935 scirct],

134 931 284 1014 quicquid
306 954 325 995 a
347 953 471 1014 quoque
493 934 528 994 in
550 931 725 1014 prouinciis
750 933 831 995 benc
854 932 961 1016 fieret,
995 936 1108 999 omnia

133 1020 166 1079 te
189 1016 278 1079 scire.
323 1017 400 1080 utile
430 1019 493 1098 est,
524 1014 655 1097 Caesar,
684 1018 716 1079 ct
741 1017 881 1080 salutare
903 1018 1109 1100 praesidibus

96 1121 121 1158 10
134 1101 371 1185 prouinciarum
398 1100 483 1163 hanc
510 1099 629 1162 habere
656 1099 820 1180 fiduciam,
855 1103 1008 1183 paratum
1038 1123 1106 1166 esse

134 1184 299 1246 sanctitati
322 1205 407 1264 suae,
429 1183 605 1247 industriae
627 1205 702 1247 suae
724 1186 898 1247 maximum
914 1187 1107 1266 praemium,

134 1267 286 1329 iudicium
300 1268 465 1350 principis²
481 1267 664 1351 suffragium
682 1268 846 1352 principie.
874 1267 979 1333 adhuc
995 1273 1106 1334 autem

134 1351 309 1434 quamlibet
332 1351 456 1414 sincera
478 1354 627 1435 rectaque
649 1353 798 1435 ingenia,
825 1353 886 1416 etsi
908 1373 975 1416 non
997 1354 1105 1418 detor-

136 1435 264 1517 quebat,
288 1435 460 1498 hebetabat
480 1438 589 1499 tamen
612 1437 727 1500 misera
750 1437 804 1500 sed
826 1458 903 1500 uera
924 1439 1106 1521 reputatio:

97 1541 121 1580 15
137 1520 199 1584 ‘cui
214 1519 303 1583 rest?
324 1542 410 1601 num,
427 1520 453 1583 si
469 1520 543 1603 quid
561 1520 772 1603 benefecero,
788 1521 867 1585 sciet
882 1519 1026 1586 Caesar?
1051 1529 1106 1588 aut

135 1606 160 1668 si
184 1604 306 1685 scierit,
334 1605 553 1668 testimonium
575 1605 721 1668 reddet‘l'
766 1607 813 1668 ita
835 1605 945 1668 eadem
967 1606 1027 1669 illa
1050 1629 1107 1671 seu

134 1691 229 1774 negle
254 1690 341 1753 entia
374 1711 429 1753 seu
461 1689 647 1773 malignitas
677 1689 874 1772 principum,
913 1710 986 1753 cum
1019 1693 1105 1755 male

134 1712 290 1836 consultis
310 1773 543 1857 impunitatem,
566 1776 652 1836 recte
667 1773 761 1836 factis
781 1773 906 1836 nullum
922 1777 1104 1857 praemium

134 1857 348 1938 polliceretur,
373 1878 433 1919 nec
454 1858 527 1920 illos
549 1879 567 1918 a
589 1857 721 1920 crimine
745 1860 776 1921 et
797 1856 855 1920 hos
879 1858 1065 1925 deterrebat
1086 1884 1106 1926 a

96 1960 121 1997 ao
136 1939 236 2002 laude.
284 1942 437 2022 stanno,
461 1940 591 2002 sibene
614 1941 727 2023 aliquis
750 1942 949 2025 prouinciam
971 1947 1103 2028 rcxcrit,

134 2023 209 2086 huic
234 2023 377 2105 quaesita
403 2023 521 2086 uirtute
544 2023 684 2108 dignitas
712 2027 850 2089 offertur.
894 2029 987 2110 patet
1015 2031 1106 2095 enim

134 2105 280 2170 omnibus
303 2106 432 2170 honoris
456 2110 488 2170 et
508 2107 631 2192 gloriae
654 2130 799 2192 campus:
823 2132 862 2174 ex
884 2110 943 2175 hoo
967 2114 1105 2200 quisquc

134 2191 216 2275 quod
246 2191 334 2274 cupit
355 2194 446 2274 petat
474 2196 506 2256 ct
531 2195 692 2256 assecutus
721 2195 782 2257 sibi
805 2195 927 2258 debeat.
971 2200 1105 2281 prouin-

135 2277 191 2340 ciis
220 2296 345 2359 quoque
378 2276 413 2339 in
441 2280 602 2360 posterum
637 2280 669 2341 et
695 2277 884 2343 iniuriarum
917 2284 1043 2346 metum
1073 2287 1105 2348 et

94 2379 119 2419 aa
134 2360 302 2425 accusandi
325 2363 548 2439 necessitatem
570 2361 731 2425 remisisti.
774 2385 848 2426 nam
871 2365 897 2427 si
919 2367 1108 2448 profuerint

132 2446 246 2529 quibus
270 2446 391 2529 gratias
414 2448 553 2530 egerint,
580 2446 618 2509 de
640 2446 729 2509 nullo
753 2449 841 2529 queri
866 2453 1024 2532 cogentur
1046 2453 1105 2493 ³¹⁸*

133 2533 166 2592 et
194 2531 335 2612 alioquin
363 2530 446 2593 nihil
473 2532 576 2614 magis
603 2531 754 2613 prodesse
784 2531 953 2596 candidato
984 2535 1026 2599 ad
1057 2559 1103 2601 so-

134 2616 267 2693 quentes
290 2613 426 2675 honores
449 2635 545 2694 quam
565 2618 720 2695 peractos.
748 2617 867 2699 optimc
889 2618 1105 2702 magistratus

132 2696 339 2790 magistratu,
371 2694 493 2759 honore
522 2696 627 2760 honor
656 2699 786 2781 petitur.
833 2700 906 2764 uolo
934 2722 1013 2787 ego,
1048 2707 1106 2789 qui

95 2798 120 2837 ao
133 2778 333 2860 proumciam
354 2779 480 2864 rexerit,
502 2801 568 2844 non
591 2785 716 2847 tantum
739 2784 902 2849 codicillos
924 2807 1108 2853 amreorum

134 2938 336 2947 ---———.

201 3039 213 3085 l
233 3043 388 3089 meruerunt
406 3037 450 3105 01Ι
473 3043 487 3091 7
507 3057 566 3091 cum
585 3042 666 3092 sciret
684 3045 783 3092 seclusi.
814 3059 874 3092 cum
893 3044 981 3093 scires
1000 3044 1106 3097 Keilius

134 3100 146 3167 ll
166 3106 182 3154 9
202 3109 228 3154 to
248 3121 294 3155 om.
313 3105 358 3171 011
377 3110 407 3157 10
426 3113 552 3172 paratum
569 3110 647 3158 Bw}
666 3114 788 3174 paratam
807 3108 934 3175 0111111
954 3112 1105 3163 sanctitati

132 3186 196 3222 suae
213 3176 322 3236 scripsi:
349 3175 493 3225 sanctitati
510 3182 572 3226 tuac
589 3178 644 3225 BV
662 3177 807 3228 sanctitati
826 3180 843 3226 0
858 3179 891 3227 W
910 3178 1057 3228 sanctitati
1076 3188 1104 3230 ct

133 3254 150 3303 ς
162 3243 219 3290 edd.
233 3240 243 3306 ΙΙ
259 3245 288 3292 11
302 3244 346 3292 cui
359 3248 416 3292 rest
429 3259 490 3292 num
503 3247 611 3309 scripsi:
624 3245 699 3294 uides
712 3245 783 3293 enirn
792 3247 820 3292 1
832 3242 958 3294 uidelicet
971 3246 1105 3298 cesseras

133 3307 196 3369 quid
215 3314 257 3358 cst
274 3310 345 3359 cnim
363 3310 463 3360 Keilias
476 3308 485 3375 ΙΙ
498 3314 531 3363 23
549 3312 625 3376 cupit
643 3313 673 3358 0:
692 3312 777 3376 cupiit
794 3314 814 3360 B
826 3314 848 3360 V
860 3314 893 3359 W
906 3310 916 3377 ΙΙ
928 3314 961 3362 26
982 3316 1104 3365 lacunam

131 3376 195 3434 sian.
206 3375 313 3426 Keiiius.
333 3377 409 3427 dccet
422 3377 526 3444 alioqui
538 3380 687 3428 Dnebncras
699 3383 727 3428 et
738 3378 856 3445 liquebit
867 3380 937 3429 nihil
951 3381 1059 3443 Lipsius
1073 3388 1104 3432 ct

133 3440 236 3505 alioqui
256 3442 341 3558 liqugt
359 3444 427 3493 nihil
448 3445 606 3496 Schwarzias
623 3444 633 3510 ΙΙ
654 3447 686 3496 28
706 3461 784 3511 quam
802 3451 927 3511 peractos
945 3474 979 3483 —
997 3450 1032 3500 29
1050 3449 1104 3499 ho·

132 3522 197 3556 nore
214 3525 260 3557 om.
