2394 3990
221 169 434 221 GRATIARUM
452 170 559 223 ACTIO
578 168 742 221 IULIANO.
766 172 876 225 29-31.
969 169 1033 233 269

57 321 209 407 publico,
247 322 377 402 uterque
407 318 571 382 Romanae
607 316 654 382 rei
686 318 834 401 publicae
871 317 1030 401 salutaris,

51 410 197 489 uterque
219 403 355 487 insignis
377 402 544 487 principiis
567 402 820 467 commodorum:
859 402 913 466 sed
935 401 1033 466 habet

59 487 186 571 aliquid
222 487 439 571 unusquisque
474 487 692 571 praecipuum.
748 486 796 549 illi
833 486 1032 551 consularem

54 574 259 658 potestatem
279 592 336 654 per
357 571 512 656 populum
538 574 747 654 acceperunt,
778 592 837 634 nos
859 592 916 653 per
937 570 1032 635 Iulia-

59 680 140 723 num
174 656 365 739 recepimus.
415 655 541 719 illorum
579 677 664 719 anno
701 655 831 720 libertas
870 659 940 720 orta
973 659 1058 739 ests

59 745 173 807 nostro
195 740 354 804 restituta.

124 822 246 889 XXXI.
277 822 339 888 Sed
361 823 436 901 sint,
461 823 664 887 sanctissime
686 823 868 907 imperator,
893 847 1032 909 eaquae

58 912 96 973 tu
117 910 204 973 inste
225 906 389 971 moderate
405 906 543 970 ciuiliter
564 906 645 972 facis
668 906 740 970 aliis
754 907 838 972 forte
860 909 1032 973 miraculo:

59 992 141 1057 mihi
167 1012 236 1057 esse
263 1012 329 1055 non
351 994 487 1075 possunt
509 992 562 1074 qui
584 994 617 1055 te
642 991 791 1056 omnibus
813 994 963 1057 humanis
986 995 1032 1056 ui·

58 1078 116 1141 tiis
138 1076 323 1140 absolutum
352 1078 384 1138 et
405 1074 541 1138 liberum
563 1076 662 1139 sciam
691 1074 758 1139 solo
781 1077 1031 1161 immortalitatis
1046 1097 1070 1137 ιο

15 1214 21 1219 .
59 1181 170 1225 amore
184 1159 334 1244 flagrare,
362 1158 506 1243 derigere
529 1180 639 1224 omnes
663 1181 739 1244 opes
762 1165 795 1225 et
818 1162 1032 1247 cogitationes

10 1248 13 1257 '
58 1247 134 1309 tuus
163 1244 205 1307 ad
231 1243 417 1307 memoriam
444 1244 644 1326 posteritatis
671 1248 833 1309 aeternam
861 1251 956 1331 atque
982 1247 1032 1311 his

55 1328 201 1393 maxime
230 1328 350 1391 seruire
377 1327 535 1391 iudicibus
569 1329 624 1412 qui
652 1329 691 1393 de
719 1330 813 1395 rebus
866 1332 941 1395 estis
968 1332 1031 1395 tuis

10 1492 14 1499 Ι
60 1412 132 1477 sine
154 1410 226 1476 odio
248 1415 281 1475 et
295 1412 400 1495 gratia
419 1413 564 1475 uenturis
586 1413 721 1477 saeculis
736 1352 935 1479 indicaiunt.
963 1437 1032 1479 non

59 1500 169 1581 potest
197 1496 367 1579 quicquam
400 1496 560 1560 abiectum
593 1501 625 1560 et
651 1496 771 1560 humile
804 1499 946 1594 cogitare
975 1500 1030 1582 qui
1045 1518 1069 1556 15

10 1626 20 1661 ¹-
60 1580 124 1645 scit
144 1580 184 1643 de
206 1601 240 1643 se
262 1600 387 1663 semper
408 1580 609 1663 loquendum.
654 1602 757 1664 nunc,
780 1582 807 1644 si
829 1582 905 1663 ubi,
933 1582 1031 1663 impe:

10 1686 13 1727 1
60 1666 164 1747 rator,
201 1685 315 1747 parum
348 1663 456 1747 ample
489 1684 549 1726 nec
578 1664 790 1746 respondente
818 1665 939 1728 meritis
966 1666 1031 1729 tuis

10 1746 17 1802 l
60 1748 209 1813 oratione
226 1769 303 1812 usus
320 1748 464 1831 uidebor,
489 1769 605 1830 quaeso
621 1749 825 1832 obtestorque
840 1752 873 1812 te
887 1769 926 1813 aa
940 1771 1031 1813 meae

60 1833 94 1897 id
108 1835 243 1897 naturae
256 1832 363 1916 potius
379 1853 475 1916 quam
488 1832 703 1917 magnitudini
720 1833 947 1897 beneficiorum
961 1837 1031 1899 tuo·

14 1947 17 1955 ·
60 1938 133 1981 rum
147 1918 239 2000 putes
255 1937 324 1981 esse
338 1916 551 1981 tribuendum.
578 1938 682 2000 nemo,
698 1939 793 1983 nemo
809 1939 943 2001 usquam
958 1923 1032 2003 post
1044 1939 1069 1977 20

62 2000 209 2065 homines
240 2004 336 2065 natos
369 2000 525 2084 ampliora
551 2003 693 2086 praemia
726 2025 745 2067 a
772 2003 902 2089 regibus
935 2008 1031 2089 alque

59 2085 306 2169 imperatoribus
334 2087 525 2149 consecutus
554 2089 616 2169 ert,
646 2088 727 2151 nulli
748 2088 821 2172 plus
846 2090 951 2152 oneris
973 2089 1031 2150 im-

61 2170 211 2253 positum.
254 2190 323 2233 non
357 2168 495 2232 abnuam
528 2171 748 2252 praefecturas
782 2174 814 2235 et
847 2170 1030 2235 consulatus

62 2253 171 2317 multis
199 2274 268 2317 esse
291 2253 430 2336 delatos,
459 2252 514 2316 sed
535 2253 586 2317 his
614 2257 688 2336 post
710 2255 882 2316 immensos
904 2252 1030 2317 labores

62 2336 167 2403 honos
187 2337 280 2421 quasi
301 2336 427 2400 debitus
450 2337 618 2401 restitutus
640 2340 705 2400 est:
742 2335 838 2417 mihi,
872 2357 943 2400 cum
965 2337 1030 2402 iam
1044 2353 1069 2394 11

62 2420 216 2485 honorem
243 2420 377 2505 adeptus
408 2422 484 2504 11111,
520 2442 607 2485 nuno
636 2419 762 2483 demum
796 2422 832 2482 ut
859 2420 1030 2484 meruerim

62 2504 271 2570 laborandum
299 2509 357 2569 est.
406 2527 499 2570 uersa
526 2504 649 2568 ratione
676 2508 871 2587 temporum,
905 2525 1030 2588 permu-

30 2625 34 2631 -
62 2592 131 2654 teta
151 2610 321 2654 munerum
342 2590 423 2673 uice,
446 2589 540 2654 modo
563 2588 748 2653 enitendum
767 2591 817 2652 est
837 2592 874 2653 ut
888 2589 1029 2674 praemio

63 2672 179 2821 Ἕω
206 2674 385 2757 existimer,
420 2696 492 2738 cum
519 2675 585 2738 iam
612 2673 789 2759 praemium
819 2677 967 2760 ceperim.
1012 2697 1031 2740 o

62 2776 94 2821 111
131 2758 139 2771 “
166 2758 304 2822 festinae
332 2758 570 2824 beniuolentiae
597 2764 672 2824 tuae
740 2761 925 2826 auissimum
952 2782 1029 2845 pon·
1043 2779 1069 2817 ³⁰

60 2840 137 2907 dus!
173 2863 285 2906 uereor
306 2845 342 2905 ut
364 2846 473 2926 aperte
498 2845 675 2926 exprimere
718 2845 923 2909 ifficultatum
946 2866 1030 2909 mea-

62 2944 132 2991 rum
154 2926 301 2990 ordinem
322 2925 459 2992 ualeam.
497 2927 622 2992 facilius
645 2932 713 3010 est.
727 2929 913 3010 imperator,
939 2929 1030 2991 bonis

65 3098 155 3107 -—--
160 3100 267 3107 -0—...m-

126 3215 296 3279 ilprincipis
314 3219 341 3265 11
375 3215 380 3280 Ι
411 3219 441 3265 11
460 3217 579 3281 dirigere
597 3216 625 3262 1
653 3212 663 3277 l
694 3215 726 3263 14
743 3214 970 3264 indicabuutW:
988 3213 1029 3261 iu-

58 3278 193 3333 dicabunt
209 3282 233 3331 A
249 3283 270 3330 B
288 3285 305 3332 (l
322 3285 345 3331 V
375 3282 380 3347 1
405 3279 939 3345 18111111111Α1111111111111.Π
963 3277 973 3343 ΙΙ
997 3282 1030 3330 20

25 3372 28 3377 ·
58 3362 155 3411 nemo,
173 3364 255 3399 nemo
273 3365 389 3415 usquam
408 3351 431 3398 A
447 3350 539 3414 011111.-
558 3364 637 3399 nemo
656 3362 772 3413 usquam
788 3350 808 3397 B
827 3350 844 3398 0
861 3350 884 3396 V
901 3348 934 3396 W
951 3362 1029 3398 nemo

55 3430 189 3481 uunquam
206 3419 266 3470 edd.
290 3415 301 3482 ll
330 3418 405 3467 1411
423 3418 446 3465 A
462 3418 497 3467 111
515 3425 575 3470 cett.
593 3414 599 3482 1
625 3431 749 3467 emensos
766 3418 789 3465 A
813 3414 823 3481 ss
847 3418 879 3466 21
897 3431 980 3466 uersa
996 3441 1030 3450 -

54 3484 90 3535 28
108 3488 154 3535 est
169 3500 217 3535 om.
236 3485 259 3532 A
280 3482 291 3547 ΙΙ
315 3487 348 3537 30
365 3485 520 3536 1111111110
544 3483 554 3548 l
578 3480 672 3550 31111]
692 3498 770 3534 new
790 3483 795 3547 1
816 3490 879 3549 apte
900 3484 1031 3535 Liuineius
