2406 4012
444 112 602 163 TRAIANO
621 114 656 165 D.
676 117 750 165 6-8.
1059 113 1077 176 7

95 265 226 327 horum
254 283 461 346 curarumque
485 262 689 340 consortium,
718 285 779 326 nec
806 267 839 326 te
865 284 1018 346 prospera
1046 268 1079 328 et

104 348 197 411 laeta
221 347 370 410 stationis
392 346 485 410 istius
508 347 562 410 sed
585 368 696 430 aspera
712 351 744 411 et
754 347 833 410 dura
856 348 895 410 ad
911 369 1078 430 capessen-

96 432 277 496 dameam
305 431 541 515 compulerunt:
576 432 745 514 suscepisti
781 432 959 515 imperium,
992 438 1092 519 post--

104 538 206 600 quam
230 515 328 579 alium
349 518 490 599 suscepti
510 515 704 598 paenitebat.
735 517 825 581 nulla
841 517 982 601 adoptati
1004 539 1077 581 cum

105 622 148 664 eo
177 600 232 684 qui
262 599 436 682 adoptabat
463 600 624 683 cognatio,
654 599 744 664 nulla
769 601 984 683 necessitudo,
1013 603 1103 666 nisi5

99 687 195 769 quod
222 687 355 767 uterque
384 684 524 766 optimus
560 687 631 748 erat
663 685 841 769 dignusque
875 686 955 750 alter
990 687 1075 770 eligi,

107 770 193 833 alter
226 769 353 854 eIIge‘re.
403 770 512 852 itaque
539 768 710 850 adoptatus
745 791 778 833 es
812 791 891 850 non,
926 774 962 834 ut
987 773 1077 853 prius

98 854 194 918 alius
222 857 318 937 atque
346 851 436 935 alius,
463 855 498 917 in
526 853 666 936 gratiam
690 855 804 918 uxoris.
835 854 970 917 adsciuit
991 856 1077 918 enim

106 942 143 1002 te
165 938 267 1003 filium
288 958 356 1001 non
370 938 503 1002 uilricus
523 938 579 1001 sed
600 937 759 1021 princeps,
783 939 955 1021 eodemque
970 939 1077 1002 animo

98 1022 204 1088 diuus
225 1021 334 1086 Nerua
356 1025 448 1104 pater
469 1026 541 1087 tuus
561 1022 667 1086 factus
689 1026 739 1086 est
760 1043 821 1106 quo
844 1026 912 1086 erat
923 1024 1075 1088 omnium.
1090 1037 1117 1078 10

107 1128 171 1172 nec
193 1107 285 1170 decet
305 1107 397 1170 aliter
418 1107 520 1171 filium
542 1107 675 1187 adsumi,
698 1107 725 1170 si
748 1108 930 1171 adsumatur
951 1130 969 1170 a
990 1110 1076 1192 prin·

109 1193 193 1275 cipe.
223 1213 266 1255 an
287 1194 436 1255 senatum
457 1191 675 1275 populumque
690 1191 881 1275 Romanum,
906 1194 1074 1276 exercituo,

108 1275 304 1360 prouincias,
337 1276 440 1340 socios
467 1276 713 1340 transmissurus
740 1277 797 1340 uni
823 1297 1037 1342 successorem
1059 1301 1076 1340 e

108 1361 184 1424 sinu
210 1361 320 1424 uxoris
342 1360 481 1442 accipias
510 1382 714 1444 summaeque
736 1362 905 1444 potestatis
927 1361 1077 1427 heredem

105 1448 239 1508 tantum
260 1444 347 1509 intra
368 1445 498 1508 domum
520 1448 610 1509 tuam
625 1447 781 1528 quaeras?
812 1468 880 1513 non
901 1449 1003 1510 totam
1019 1469 1076 1529 per
1090 1460 1114 1499 1⁵

108 1529 275 1593 oiuItatem
296 1529 500 1594 circumferas
522 1531 631 1594 oculos
654 1533 687 1593 et
701 1530 787 1594 hunc
809 1532 869 1594 tibi
885 1531 1076 1613 proximum,

107 1613 197 1678 huno
209 1614 505 1678 coniunctissimum
518 1614 680 1677 existimes
697 1635 790 1697 quem
802 1615 970 1697 optimum,
982 1635 1077 1696 quem

97 1697 161 1761 -dis
184 1698 379 1761 simillimum
401 1697 587 1762 inueneris?
619 1698 831 1781 imperaturus
853 1699 999 1763 omnibus
1023 1699 1077 1762 eli·

106 1783 145 1866 gi
169 1781 262 1846 debet
283 1803 322 1846 ex
344 1782 508 1846 omnibus:
535 1803 602 1846 non
624 1785 710 1846 enim
732 1784 868 1847 seruulis
890 1784 954 1848 tuis
977 1784 1077 1848 dorni-

105 1888 200 1948 num,
239 1868 275 1930 ut
311 1867 416 1950 possis
455 1888 524 1931 esse
557 1871 726 1932 contentus
764 1868 855 1952 quasi
894 1871 1075 1933 necessario
1090 1883 1115 1922 2⁰

97 1950 237 2032 herede,
262 1951 317 2015 sed
338 1952 517 2034 prinoipem
540 1951 662 2016 ciuibus
684 1953 814 2017 daturus
836 1975 869 2017 es
892 1954 1075 2036 imperator.

105 2035 283 2120 superbum
310 2036 395 2100 istud
423 2041 455 2099 et
481 2036 615 2184 sepium,
646 2038 711 2100 nisi
733 2037 864 2121 adoptes
888 2060 959 2102 eum
982 2060 1076 2121 quem

107 2122 240 2184 constet
260 2121 490 2202 imperaturum
527 2122 621 2204 uisse,
646 2121 854 2186 etiamsinon
881 2123 1075 2205 adoptasses.

105 2203 271 2268 fecithoc
293 2204 411 2288 Nerua,
434 2205 517 2269 nihil
543 2206 697 2270 interesse
724 2206 898 2270 arbitratus
927 2207 1075 2290 genueris

107 2310 152 2352 an
174 2288 320 2372 elegeris,
344 2290 371 2353 si
392 2289 524 2372 perinde
540 2291 610 2354 sine
631 2290 749 2354 iudicio
768 2290 962 2372 adoptentur
983 2290 1075 2353 liberi
1089 2303 1114 2343 25

108 2395 149 2436 ac
164 2376 353 2457 nascuntur;
377 2374 441 2438 nisi
452 2375 537 2457 quod
557 2377 666 2437 tamen
682 2375 828 2457 aequiore
845 2373 951 2437 animo
965 2372 1076 2438 ferunt

107 2457 256 2521 homines
272 2479 365 2540 quem
386 2459 536 2543 princeps
559 2479 673 2542 parum
695 2458 834 2522 feliciter
855 2457 969 2543 genuit
980 2480 1076 2541 quam

108 2562 204 2624 quern
225 2542 308 2606 male
331 2543 437 2627 elegit.

163 2624 253 2691 VIII.
279 2625 395 2691 Sedulo
408 2649 483 2714 ergo
495 2629 611 2693 uitauit
625 2628 711 2693 huno
723 2649 831 2693 casum
845 2651 906 2693 nec
921 2629 1014 2693 modo
1030 2630 1076 2693 iu-

98 2709 229 2775 dicium
250 2710 415 2776 hominum
439 2713 494 2777 sed
517 2714 646 2778 deorum
669 2715 765 2778 etiarn
787 2715 822 2778 in
837 2714 1007 2778 consilium
1022 2715 1075 2778 ad·
1088 2729 1116 2770 ³0

178 2902 192 2947 1
212 2898 289 2949 laeta
308 2905 337 2950 et
355 2905 522 2965 prosperae
546 2899 556 2966 ΙΙ
580 2903 728 2968 cutesque
752 2902 873 2967 optimus
894 2929 927 2939 -
946 2906 1008 2967 &24
1035 2909 1076 2953 tu·

108 2965 215 3016 multus
233 2967 334 3018 fuisset
351 2968 426 3018 tabet
443 2970 466 3017 R
489 2966 499 3034 ll
524 2969 598 3032 elegi
615 2977 641 3019 et
658 2970 768 3034 elegere
787 2972 810 3019 R
834 2968 844 3035 ΙΙ
868 2973 882 3020 7
903 2975 946 3021 est
962 2974 985 3019 R
1009 2969 1019 3035 ΙΙ
1045 2973 1075 3019 11

105 3030 144 3098 sil
170 3033 225 3085 nisi
247 3036 270 3083 R
293 3033 303 3099 n
333 3037 364 3087 13
391 3036 484 3086 socius
507 3038 682 3088 tramissurus
705 3038 788 3087 unius
810 3042 966 3088 successore
997 3035 1001 3099 Ι
1033 3054 1075 3086 me

103 3102 171 3151 sinu
188 3103 213 3150 B
235 3099 246 3167 ll
270 3104 302 3153 15
320 3107 408 3152 totam
425 3119 476 3166 per
493 3106 527 3153 B:
545 3119 595 3168 per
612 3109 698 3155 totam
716 3106 744 3152 1
761 3102 770 3169 ll
792 3107 823 3155 17
843 3106 959 3154 extimes
976 3105 999 3152 R
1016 3102 1026 3168 ΙΙ
1044 3107 1076 3154 18

104 3168 152 3218 dis
171 3166 253 3234 sim..]
273 3170 462 3234 dignissimum
476 3173 499 3220 R
510 3168 520 3235 ΙΙ
533 3174 566 3222 20
578 3187 673 3236 posses
690 3173 713 3220 R
725 3168 735 3236 ΙΙ
748 3174 778 3221 21
799 3187 828 3222 es
841 3173 988 3222 Liuineius:
1007 3179 1034 3221 et
1045 3174 1076 3231 R,

104 3252 155 3288 om.
173 3238 202 3284 1
218 3234 228 3301 ΙΙ
245 3239 278 3287 22
296 3240 365 3288 istut
383 3242 411 3288 et
429 3240 534 3304 regium
554 3245 596 3290 est
614 3241 637 3288 R
653 3236 663 3304 ΙΙ
681 3241 714 3289 24
731 3241 883 3289 arbitratus
901 3240 1039 3290 interesse
1058 3242 1075 3287 c

105 3302 305 3368 [genueritB
327 3307 455 3370 genuerit
479 3323 514 3356 an
534 3307 689 3371 elegeritd
718 3305 728 3372 ll
758 3309 790 3356 26
814 3307 868 3356 nisi
890 3312 984 3356 tamen
1003 3307 1076 3372 quod

97 3372 136 3432 -σς
157 3375 315 3426 tarnenom.
335 3370 1078 3440 2112?principesBll28qucmorn.BV1129nec

100 3438 190 3488 modo
209 3439 341 3491 iudicium
359 3443 394 3490 R:
417 3457 470 3491 nec
488 3442 591 3493 iudicio
609 3444 636 3491 Π
660 3443 773 3508 (iudicia
790 3441 826 3510 w)
848 3440 858 3508 I
879 3447 912 3494 30
934 3445 963 3493 in
981 3459 1027 3494 om.
1046 3445 1076 3493 R.
