2406 4012
193 246 254 312 176
507 247 568 299 vn.
599 245 748 297 rncnsrr
764 244 846 296 rsr.

192 398 375 481 aequabant
408 400 441 461 et
469 395 706 461 succedentium
734 393 875 460 humeris
909 394 1073 461 subleuati
1101 397 1164 463 iam

192 481 363 547 interualla
378 481 551 565 pinnarum
571 481 663 544 uncis
681 480 831 545 manibus
852 479 1054 546 inuaserant.
1085 483 1164 547 adeo

192 567 274 631 nihil
297 565 431 649 periculi
458 566 494 630 in
515 564 679 630 uindictae
706 564 894 629 executione
915 565 1110 631 metuebant
1130 571 1165 632 ut

193 652 256 715 sibi
283 672 349 714 non
376 672 502 714 murum
531 649 697 732 scandere,
729 649 783 714 sed
812 671 851 714 er
878 670 981 734 aequo
1009 652 1162 737 congredi

167 734 386 799 suiderentur.

257 819 329 884 XX.
378 818 440 884 Sed
462 840 481 884 o
504 819 700 904 singularem
721 821 825 900 tuam,
847 817 1078 904 Constantine,
1099 820 1160 905 pie

193 907 296 969 tatem
324 907 356 968 et
384 924 440 968 sua
467 924 592 987 semper
619 902 727 967 officia
753 902 850 967 etiam
878 903 966 967 inter
987 925 1081 969 erma
1099 926 1159 969 ser·

194 992 342 1055 nantem!
366 990 495 1073 signum
516 988 659 1071 receptui
681 986 798 1052 dedisti
820 991 853 1052 et
873 987 1049 1055 uictoriam
1067 988 1158 1054 distu-

131 1075 144 1105 ⁸
195 1075 262 1137 listi
298 1077 336 1138 ut
366 1072 515 1138 omnibus
551 1073 612 1137 tibi
644 1072 756 1136 liceret
787 1072 956 1157 ignoscere
992 1095 1057 1138 neu
1089 1072 1157 1159 quid

158 1179 184 1219 ιο
197 1159 337 1223 atrocius
358 1157 480 1222 faceret
506 1157 597 1222 miles
624 1158 725 1221 iratus
753 1179 848 1241 quam
876 1157 1072 1223 clementiae
1092 1164 1156 1223 tuae

195 1244 311 1305 natura
338 1245 511 1324 pateretur.
559 1242 594 1305 in
621 1263 683 1326 quo
709 1240 786 1306 licet
818 1241 933 1326 optimi
960 1242 1155 1326 imperatoris
1195 1266 1199 1291 ’-

196 1325 410 1390 sollicitudine
440 1325 563 1390 ceucris
596 1330 633 1390 ut
658 1326 780 1391 inducti
810 1327 845 1390 in
871 1326 1020 1391 fraudem
1047 1327 1155 1393 militer
1197 1354 1199 1401 ;

196 1409 383 1494 poenitendi
415 1412 542 1494 tempus
574 1412 756 1496 acciperent
788 1413 883 1495 atque
915 1411 1004 1476 ultro
1037 1413 1154 1479 uenim
1197 1444 1199 1451 ·

196 1498 418 1579 precarentur,
446 1516 505 1560 nos
527 1499 637 1560 tamen
665 1497 720 1580 qui
744 1495 930 1560 mitissimos
950 1499 1026 1561 tuos
1054 1514 1155 1561 senem
1196 1506 1199 1579 ζ

159 1599 184 1639 15
197 1582 360 1645 intuemur
388 1579 482 1664 (nihil
504 1584 553 1645 est
580 1581 665 1645 enim
688 1584 755 1645 tam
776 1580 982 1665 perspicuum
1010 1580 1155 1666 quamin

196 1668 325 1749 pectore
352 1669 408 1730 tuo
430 1664 575 1752 bonitas)
604 1665 653 1729 illi
679 1668 713 1730 te
740 1664 957 1764 intellegimus
984 1666 1156 1750 pepercisse

196 1749 1157 1901 llil’nitlllleilldlslallliialmtll'tnlil‘d

197 1918 347 2000 pertinet,
371 1857 554 2001 impiirator,
581 1922 615 1983 et
635 1856 783 1984 illuinqet
804 1857 920 1985 omneii
937 1941 1018 2003 quos
1040 1940 1158 2005 recepe

159 2020 185 2060 eo
198 2003 249 2063 rat
268 2002 449 2065 reseruasti.
478 2002 541 2066 sibi
556 2003 693 2086 imputet
714 2004 856 2089 quisquis
878 2004 927 2068 uti
948 2003 1057 2069 noluit
1072 2005 1159 2070 bene-

197 2084 271 2149 ficio
294 2087 350 2149 tuo
373 2107 433 2150 neo
456 2106 490 2151 se
513 2086 647 2173 dignum
670 2091 739 2154 uita
761 2089 929 2172 iudicauit,
958 2110 1034 2154 cum
1055 2092 1160 2175 perte

197 2170 310 2235 liceret
329 2173 366 2235 ut
379 2170 519 2237 uiueret:
542 2176 586 2255 tu,
609 2175 694 2258 quod
709 2173 829 2238 sufficit
848 2173 1069 2240 conscientiae
1083 2178 1161 2257 tuae,

198 2256 296 2320 etiam
317 2277 383 2322 non
406 2257 603 2322 merentibus
617 2259 800 2342 pepercisti.
828 2258 893 2343 sed,
915 2259 1052 2343 ignosce
1072 2260 1162 2343 dieto,

197 2362 264 2406 non
286 2343 394 2406 omnia
414 2346 522 2427 potes:
546 2341 578 2407 di
600 2345 633 2407 te
654 2343 822 2408 uindicant
843 2346 877 2407 et
897 2342 1047 2410 inuitum.

160 2441 185 2482 25
262 2425 350 2492 XXI.
394 2427 485 2503 Quod
508 2428 635 2512 quidem
657 2428 749 2492 nobis
771 2449 897 2511 semper
918 2428 1099 2511 optandum
1119 2428 1165 2494 est

198 2516 235 2603 ut
245 2533 425 2608 ‘prosperos
446 2512 566 2611 habeas
588 2515 684 2578 etiam
705 2513 791 2610 ultra
811 2515 869 2612 tue
889 2515 967 2611 uota
990 2534 1165 2611 successus,

198 2616 269 2738 tiliis
281 2600 942 2771 ‹pppplrpmspp'rppluronpgpgppffiianpp'replpsstslp
959 2600 1166 2769 dilgepdisil,

199 2761 387 2840 expetrmus.
425 2782 498 2826 ecce
521 2763 623 2847 enim,
647 2765 723 2829 dum
745 2789 765 2831 a
786 2766 887 2832 limite
908 2766 1077 2852 paulisper
1099 2768 1167 2833 abs·

161 2859 356 2930 recesseras,
389 2845 503 2930 quibus
532 2869 566 2912 se
593 2851 768 2916 terroribus
796 2851 1004 2917 barbarorum
1032 2852 1168 2937 perfidie

198 2928 375 2994 iacteuerat
397 2932 528 3014 scilicet,
554 2933 627 2998 dnm
651 2934 713 3000 sibi
735 2936 791 3001 illa
810 2939 1015 3021 proponunt:
1038 2936 1168 3023 quando

198 3014 390 3098 perueniet‘?
426 3017 552 3103 quando
574 3019 708 3085 uincet?
743 3021 871 3105 quando
893 3021 1015 3087 fessum
1035 3021 1169 3087 reducet

199 3100 399 3165 exercitum?
425 3125 497 3168 cum
519 3108 651 3188 repente
674 3104 782 3170 audito
804 3105 909 3170 reditu
930 3108 987 3170 tuo
1009 3107 1103 3172 uelut
1123 3108 1169 3171 at·

198 3242 403 3252 *οη-

269 3308 442 3358 leubleuati
460 3308 480 3356 B
498 3310 516 3357 0
534 3309 556 3356 V
573 3317 610 3359 rr:
634 3308 786 3360 subleuasti
803 3311 827 3359 Δ
856 3308 866 3376 fl
896 3309 1091 3379 dpinnarnm]
1110 3326 1168 3379 pre-

198 3373 449 3426 uiarumuelsr'mr'lr
462 3378 479 3423 0
492 3373 530 3441 113
546 3375 939 3443 inuindioetaeAfl8signnm
952 3377 1098 3445 omlltl
1115 3394 1168 3431 nen

135 3481 138 3487 .
200 3440 347 3493 Liuineius:
364 3458 399 3494 ne
418 3445 445 3490 Μ
481 3445 512 3492 14
529 3459 628 3496 sensus
646 3449 709 3495 tuos
727 3445 806 3493 BGV
818 3444 828 3511 ll
842 3447 874 3496 18
892 3446 964 3497 ferro
981 3446 1077 3498 Bere:
1096 3448 1168 3499 ieme

198 3507 222 3555 Δ
240 3507 300 3556 fere
318 3517 377 3561 cere.
393 3509 398 3574 1
414 3512 454 3559 ita
487 3510 582 3576 itaque
595 3513 612 3562 0
624 3510 635 3578 ΙΙ
649 3514 679 3563 19
697 3511 845 3579 deceperat
857 3515 993 3565 Acidaliae
1004 3512 1015 3581 Ι
1027 3517 1062 3566 20
1079 3514 1168 3567 uoluit

200 3572 334 3639 cvfl22
352 3580 382 3626 ut
400 3577 507 3629 uideret
525 3582 542 3627 0
559 3578 569 3645 l
586 3581 619 3631 26
637 3586 686 3630 tua
705 3580 877 3632 AWBeres
895 3597 943 3633 om.
960 3582 981 3631 B
999 3582 1058 3633 dv
