2406 4012
416 182 577 234 TRAIANO
596 183 631 234 D.
656 185 766 236 <tr-63.
1032 184 1074 247 59

170 331 287 397 LXIII.
317 332 537 398 Praeuertor
527 354 592 396 ram
614 333 654 397 ad
675 333 819 398 consulat
804 336 872 397 tum
888 337 988 412 tuum,
1013 336 1073 399 etsi

95 396 184 481 sunt
215 417 369 500 quaedam
401 418 441 482 ad
476 418 677 514 consulatum
710 417 838 515 quidem
866 439 924 501 per
925 419 1072 515 tinentia,

102 505 184 567 ante
217 502 419 566 consulatum
451 504 578 586 tamen3
615 502 650 565 in
678 503 790 586 primis
823 501 907 586 quod
936 503 1032 567 comit
1033 504 1072 567 iis

100 588 172 651 tuis
203 586 379 651 interfuisti
413 552 600 651 candidatus
633 608 699 651 non
733 589 916 651 consulatus
946 589 1073 651 tantum

100 671 163 735 sed
190 671 439 735 immortalitatis
467 670 565 735 etiam
591 671 713 755 gloriae
746 674 777 735 et
803 672 972 755 exempli,
989 671 1098 755 quode

102 758 316 839 sequerentur
358 756 497 839 rincipes
518 755 614 838 boni,
642 755 719 818 mali
744 756 938 821 mirarentur
900 779 946 820 ur.
991 755 1074 820 uidit

101 844 139 905 te
166 840 303 923 populus
325 777 525 907 [lemnus
516 840 551 902 in
578 838 635 902 illa
660 843 767 904 uetere
795 843 853 924 pot
854 844 903 905 est
888 841 967 905 tatis
997 863 1072 904 suae

99 925 198 989 sede.
203 945 389 1021 perpessus
412 946 446 988 es
467 924 599 1008 longum
615 923 696 987 illud
719 945 848 987 carmen
870 925 1072 988 comitiorum

102 1030 167 1074 nec
200 1008 266 1073 iam
298 1009 494 1072 irridendam
527 1029 648 1071 moram
681 1008 855 1091 consulque
890 1009 935 1071 sic
966 1008 1072 1072 factus

99 1115 140 1157 es
166 1096 204 1157 ιιι
230 1114 312 1157 unus
346 1114 384 1158 ex
411 1093 503 1157 nobis
533 1114 612 1176 quos
638 1092 717 1156 facis
753 1091 906 1156 consules
957 1096 1072 1175 quotus
1086 1114 1111 1154 ιο

102 1179 240 1261 quisque
271 1177 453 1274 principum
491 1177 748 1241 antecedentium
784 1177 938 1241 honorem
975 1176 1072 1241 istum

102 1265 163 1326 aut
185 1262 364 1326 consulat
319 1266 366 1326 tu1
388 1262 501 1325 habuit
487 1264 579 1325 taut
598 1261 742 1346 populo?
772 1283 839 1326 non
862 1261 918 1325 alii
939 1261 1072 1325 marcidi

106 1368 218 1412 somno
253 1347 466 1429 hesternaque
506 1368 584 1410 cena
619 1346 799 1410 redundant
785 1350 833 1411 tes
871 1346 1072 1410 comitiorum

104 1453 234 1496 suorum
263 1432 393 1495 nuntios
419 1431 682 1514 opperiebantur,
713 1430 767 1494 alii
795 1452 873 1494 sane
897 1430 1072 1514 peruigiles

105 1520 139 1581 et
160 1517 336 1599 insomnes,
366 1514 419 1579 sed
442 1517 527 1579 intra
549 1515 668 1579 cubilia
690 1536 748 1578 sua
769 1514 834 1578 illis
857 1516 936 1596 ipsis
960 1535 1072 1578 consu·
1086 1533 1111 1575 15

103 1600 231 1665 libusa
269 1600 360 1664 uibus
384 1599 529 1664 consules
551 1602 670 1662 renunt
656 1599 819 1662 tiabantur
839 1599 935 1661 exilia
958 1602 990 1661 et
1004 1619 1071 1662 oae-

102 1685 162 1750 des
188 1706 260 1749 mac
283 1686 466 1749 inabantur
507 1705 648 1766 opraua
675 1682 831 1746 etruscis
858 1703 954 1744 uerae
976 1683 1073 1745 maie·

104 1770 200 1833 statis
213 1770 354 1848 ambitio,
368 1768 593 1851 concupiscere
604 1765 760 1831 honorem
773 1788 867 1851 quem
880 1766 1071 1851 dedigneris,

104 1853 274 1951 dedignari
305 1875 398 1938 quern
432 1853 647 1936 concupieris,
685 1874 820 1936 cumque
851 1874 889 1916 er
916 1852 1071 1936 proximis

104 1938 208 2002 hortrs
235 1960 427 2023 campume
410 1940 442 2001 et
471 1939 600 2002 comitia
627 1941 829 2022 prospectae,
865 1938 910 2001 sio
939 1938 978 2001 ab
1006 1937 1071 2000 illis
1085 1957 1110 1997 ro

100 2023 226 2106 abesse,
248 2026 408 2107 tamquam
426 2022 574 2088 Danuuio
591 2022 766 2108 Rhenoque
790 2023 953 2088 dirimarel
984 2043 1072 2086 auer-

105 2108 186 2171 seris
213 2112 249 2171 ιιι
270 2108 424 2173 honorit
410 2113 465 2173 tuo
494 2112 622 2193 sperata
649 2109 802 2194 suffragia
830 2108 1073 2204 renuntiarique

104 2197 138 2255 te
162 2193 362 2257 consulem
352 2194 482 2257 russisse
512 2196 682 2258 contentus
711 2195 831 2258 liberae
862 2193 1002 2257 ciuitatis
1031 2212 1072 2254 ne

103 2278 342 2343 simulationem
365 2278 492 2362 quidem
515 2279 644 2342 serues?
676 2279 839 2342 abstineas
862 2277 998 2422 deniqpe
1021 2296 1072 2338 co-

104 2362 206 2426 mitiis
233 2362 398 2427 abstrusus
426 2366 521 2447 atque
549 2363 690 2442 abditus,
720 2363 812 2445 quasi
833 2361 900 2424 illic
922 2362 949 2423 ιι
973 2383 984 2422 ι
1006 2380 1072 2423 non
1086 2376 1111 2417 25

105 2447 290 2511 consulatus
319 2447 426 2529 detur,
465 2448 519 2510 sed
549 2446 721 2530 abrogetur
749 2445 942 2529 imperium?
992 2443 1073 2508 haec

103 2532 271 2614 persuasio
305 2498 540 2616 superbissimis
570 2530 706 2594 dominis
734 2533 803 2594 erat
830 2532 866 2593 ιιι
895 2529 956 2592 sibi
986 2529 1073 2594 uide-

103 2618 216 2680 rentur
236 2617 398 2700 principes
421 2638 489 2681 esse
511 2615 714 2699 desinere,
689 2638 716 2679 ει
738 2614 814 2699 quid
828 2615 972 2679 facerent
992 2617 1072 2679 tam·

104 2721 202 2784 quam
229 2704 399 2766 senatores.
444 2701 524 2784 pleri
547 2722 586 2765 ue
608 2704 717 2764 tamen
744 2722 809 2765 non
832 2704 899 2765 tam
922 2701 1071 2784 superbia

104 2806 201 2883 quam
228 2789 316 2850 metu
338 2787 475 2870 quodam
497 2723 777 2850 submouebantur.
825 2808 864 2850 an
889 2789 1072 2868 stuprorum
1085 2800 1110 2842 ιο

104 2869 196 2932 sibi'
186 2873 289 2934 meost
291 2892 443 2955 ammque
464 2870 607 2936 noctium
630 2871 751 2936 conscii
774 2872 916 2955 auspicia
931 2870 1071 2954 polluere

103 2957 326 3039 sacratumque
348 2978 497 3040 campum
525 2958 649 3023 nefario
671 2956 826 3021 auderent
853 2955 1071 3020 contaminare

173 3180 187 3228 1
205 3185 330 3231 reuertar
347 3196 372 3230 w
392 3179 402 3246 ΙΙ
425 3184 440 3232 5
463 3183 546 3232 ettam
567 3182 676 3244 scripsi:
703 3186 731 3231 et
747 3184 776 3230 Π
794 3181 876 3231 etiam
899 3183 925 3228 et
942 3177 1042 3227 Keiliaa
1067 3176 1071 3241 l

102 3251 212 3298 alterum
229 3253 256 3298 et
274 3264 320 3299 om.
339 3250 360 3298 B
384 3247 394 3314 l
419 3252 450 3299 12
468 3245 536 3314 non]
555 3263 618 3298 nam
636 3262 661 3296 w
685 3247 695 3314 l
721 3251 752 3300 13
775 3240 968 3310 redundantes]
991 3246 1073 3295 malim

103 3320 248 3367 ructantes
260 3313 271 3380 l
284 3317 315 3366 16
333 3317 531 3368 renuntiabant
549 3318 566 3363 0
582 3317 586 3377 Ι
603 3317 713 3367 caedem
731 3319 766 3379 Κ,
785 3315 892 3366 carreni
909 3310 918 3377 ΙΙ
938 3314 969 3363 17
987 3328 1073 3377 parua

103 3384 137 3433 W
149 3381 160 3448 l
172 3386 205 3435 20
224 3389 384 3449 perspectas
400 3386 433 3434 W
445 3383 454 3449 ΙΙ
468 3387 498 3434 21
518 3384 659 3433 dirimente
679 3384 755 3449 Gusp
775 3383 929 3432 dirimerere
942 3381 1073 3430 Liuineius

104 3447 118 3581 ,⁸
139 3453 173 3502 23
191 3451 387 3503 consulemW:
408 3451 520 3502 consule
536 3449 641 3518 13ch
658 3451 782 3503 ciuitattrs
797 3451 842 3499 W.
864 3449 971 3500 ciuitati
987 3448 1074 3497 BcV

114 3494 118 3547 l
138 3519 172 3569 27
191 3515 258 3586 sibi]
278 3520 302 3571 si
320 3521 341 3567 V
358 3518 368 3584 ΙΙ
385 3522 417 3571 28
435 3520 590 3570 desinerent
607 3521 627 3568 B
636 3449 667 3567 lV
