2394 3990
362 197 525 249 'insinuo
544 198 579 247 n.
600 199 709 248 ‘ss-40.
983 196 1025 261 35

10 364 12 369 ·
54 348 175 430 eripere
198 348 250 409 tot
271 345 498 409 beneficiorum
520 346 711 430 occasiones,
734 349 801 410 tam
822 367 1024 412 numerosam

52 429 219 528 obligandi
246 429 488 576 imffiutendique
515 431 691 494 materiam.
732 430 902 516 indignum
930 432 1024 496 oredo

53 516 80 579 ei
101 537 209 579 ursum
234 513 274 576 ab
320 515 427 577 omine
449 515 515 598 peti
538 515 620 597 quod
643 517 692 580 det
714 515 885 580 dedissent.
935 537 1025 579 soror

54 600 127 664 estis
150 602 184 663 et
205 596 321 680 frater,
346 620 425 662 enus
448 602 480 662 et
501 602 650 682 nepotes:
681 600 756 683 quid
784 604 833 664 est
861 621 938 685 ergo
968 622 1025 664 cur

10 708 17 767 j
53 684 170 769 rogetis
186 686 224 746 ut
240 682 332 745 sitis?
354 683 447 747 uobis
466 686 557 747 adest
571 684 598 747 is
614 685 668 766 qui
683 706 740 767 pro
758 688 862 749 cetera
886 707 942 749 sua
956 707 1022 750 mo·
1036 704 1049 744 s

10 790 14 831 τ
55 767 220 832 deratione
248 788 316 830 non
344 767 449 830 minus
472 768 667 831 inuidiosum
689 771 782 851 putat
804 769 878 833 dare
900 768 1023 833 heredi-

10 856 18 895 '·
54 856 152 916 tutem
182 872 281 934 quam
309 850 443 915 auferre.
486 851 564 915 laeti
592 873 668 936 ergo
691 852 776 915 adite
803 853 948 932 honores,
973 875 1023 917 cc·

55 938 168 1019 pessite
198 935 382 999 ciuitatem:
412 936 573 1000 neminem
606 937 667 999 hoc
694 936 940 1000 necessitudinis
970 938 1022 999 eb-

56 1024 182 1104 mptnm
196 1019 288 1083 uelut
303 1022 448 1083 huncum
465 1024 726 1104 amputatumque
740 1019 905 1084 destituet:
922 1020 1023 1084 isdem

19 1150 23 1189 :
58 1125 161 1169 omnes
185 1103 303 1187 quibus
326 1107 400 1168 ente
422 1105 621 1188 pignoribus,
646 1104 700 1167 sed
727 1105 925 1168 honestiores
949 1127 1061 1187 per-10

57 1187 207 1253 fruentur.
254 1209 293 1250 ac
320 1210 361 1252 ne
389 1188 504 1252 remoti
532 1188 659 1271 quidem
689 1189 817 1272 iamque
847 1188 1022 1253 deficientis

23 1306 26 1313 ·
59 1271 222 1336 affinitatis
251 1271 370 1355 gradus
407 1294 425 1335 a
453 1273 595 1355 quelibet
623 1275 801 1356 quantitate
835 1274 1022 1338 uicesimem

60 1355 168 1422 inferre
198 1359 363 1440 cogentur.
407 1357 520 1420 statuit
550 1359 634 1421 enim
669 1359 845 1421 communis
879 1358 1023 1422 omnium

60 1460 166 1521 parens
189 1462 348 1505 summam
371 1462 451 1523 quae
473 1441 678 1524 publicanum
701 1443 770 1524 peti
790 1445 907 1525 posset.

115 1524 180 1588 XL.
219 1525 350 1590 Carebit
371 1547 466 1589 onere
489 1526 657 1589 uicesinrae
679 1547 780 1608 parua
803 1529 835 1588 et
855 1525 946 1588 exilis
968 1524 1021 1588 he·
1036 1545 1061 1586 15

62 1608 167 1673 reditus
194 1612 243 1690 et,
272 1609 300 1672 si
322 1609 368 1672 ito
389 1612 500 1694 gratus
528 1609 619 1672 heres
641 1610 744 1691 uolet,
772 1612 840 1672 tota
868 1608 1021 1691 sepulcro,

63 1692 123 1757 tote
134 1694 242 1758 funeri
258 1693 391 1757 seruiet:
414 1715 508 1757 nemo
524 1695 718 1775 obseruator,
740 1714 835 1756 nemo
846 1693 1023 1776 castigator

66 1775 194 1842 adsistet
241 1778 425 1860 cuicumque
459 1778 585 1842 modica
612 1776 749 1860 pecunia
777 1799 816 1840 ex
844 1777 1021 1842 hereditate

66 1858 185 1926 alicuius
207 1862 383 1942 obuenerit,
412 1883 541 1926 securus
568 1861 686 1926 habeat
707 1862 894 1946 quietusque
921 1863 1021 1946 possi-

67 1940 136 2009 deat.
183 1968 222 2010 ea
251 1947 302 2010 lex
329 1946 498 2010 uicesimae
527 1947 613 2011 dicta
640 1950 688 2010 est
714 1950 750 2010 ut
778 1947 818 2011 sd
844 1947 1021 2030 periculum
1034 1967 1059 2007 so

69 2027 124 2125 pius
142 2031 305 2127 perueniri
326 2030 390 2094 nisi
412 2031 525 2114 opibus
548 2052 617 2128 non
641 2032 753 2114 possit.
798 2052 952 2097 conuerso
974 2036 1022 2095 est

69 2117 203 2263 1111
221 2114 552 2264 {restituet
572 2119 1022 2281 ¹t¹utti¹¹st⁰tttsttt

70 2281 138 2347 nodi
157 2304 196 2347 ex
220 2284 326 2347 causis
349 2284 383 2347 in
406 2284 489 2347 diem
519 2285 615 2348 edicti
642 2284 829 2348 uicesimam
858 2284 1019 2362 deberent,

71 2366 191 2432 nondum
228 2370 341 2431 tamen
374 2368 567 2450 intulissent,
600 2389 667 2431 non
699 2367 865 2430 inferrent.
916 2368 950 2427 at
985 2364 1019 2427 in
1033 2383 1058 2423 ss

72 2453 261 2525 praeteritum
283 2452 451 2516 subuenire
473 2475 514 2516 ne
537 2453 569 2516 di
592 2450 720 2535 quidem
741 2450 890 2533 possunt:
917 2452 953 2511 tu
973 2450 1020 2511 te·

10 2572 13 2591 ι
54 2530 130 2597 'men
154 2536 334 2600 subuenisti
362 2537 537 2620 cauistique
564 2540 601 2600 ut
628 2534 788 2599 desineret
814 2533 946 2616 quisque
969 2533 1020 2598 de-

10 2646 16 2655 ·
74 2608 225 2703 bsreqnod
247 2624 411 2684 comesset
432 2624 544 2705 postea
561 2621 734 2702 debiturus,
756 2619 864 2701 idest,
888 2618 1019 2683 effecisti

10 2716 18 2759 t
73 2714 104 2763 lte
128 2704 228 2768 melos
263 2704 425 2788 principes
459 2705 689 2770 habuissemus.
729 2725 790 2786 quo
823 2704 965 2788 ingeniO,
993 2705 1021 2767 si

10 2887 25 2928 ἓ
122 2904 191 2960 edii
209 2912 272 2962 add.
294 2923 331 2959 w:
349 2926 395 2960 om.
414 2912 476 2960 ΠΙ
494 2925 550 2961 non
568 2912 589 2959 B
606 2915 706 2960 nature
724 2912 754 2971 V,
774 2912 859 2974 quiet
876 2909 995 2960 dedisset
1015 2907 1018 2973 t

10 2970 26 3011 θ
65 2980 131 3045 ·.'⁰¹⁰¹
139 2978 287 3029 Liuineius:
305 2992 413 3030 sorores
430 2975 509 3042 11114
526 2983 555 3028 et
572 2986 632 3028 ante
651 2992 720 3028 enus
738 2980 799 3029 add.
818 2973 924 3040 Bvllt
943 2992 1022 3039 roge·

10 3033 27 3095 d
73 3036 100 3089 iit
110 3043 129 3091 B
138 3046 173 3093 V:
192 3046 285 3111 egetis
298 3047 330 3093 W
348 3046 446 3110 regitis
465 3047 482 3093 0
498 3043 503 3109 Ι
518 3045 597 3094 adest
613 3047 638 3095 is
655 3047 765 3106 scripsi:
784 3047 851 3094 estis
865 3046 892 3091 11
904 3041 914 3107 ΙΙ
928 3047 957 3091 11
977 3058 1021 3092 re·

20 3117 27 3129 ·
72 3112 121 3159 uu
139 3115 249 3178 scripsi:
272 3114 405 3163 remotius
426 3115 453 3160 11
475 3117 596 3163 remotus
619 3115 678 3166 edd.
708 3109 718 3175 ΙΙ
749 3115 780 3163 13
803 3119 936 3177 cogentur
958 3110 979 3157 B
998 3111 1020 3156 V

71 3180 112 3229 31³
126 3184 241 3247 cogetur
259 3194 285 3228 m
303 3185 488 3246 cogereturw
517 3178 528 3244 ΙΙ
559 3182 591 3230 14
614 3186 710 3245 posset
729 3194 757 3244 ςε
786 3179 874 3244 possit
892 3179 919 3224 11
948 3173 958 3239 ΙΙ
988 3177 1020 3225 15

73 3244 155 3297 nubit
175 3248 283 3299 honore
306 3249 429 3298 onerev
459 3245 469 3312 ΙΙ
502 3250 532 3297 16
555 3256 580 3298 ec
604 3250 635 3298 17
658 3250 746 3297 totam
764 3260 789 3294 w
818 3244 828 3310 κ
859 3248 889 3294 17
915 3242 1021 3293 seruiet

10 3324 21 3341 ⁸
144 3317 208 3367 dus:
227 3320 320 3366 seruet
336 3316 363 3363 11
391 3312 401 3380 Ι]
431 3317 463 3366 18
482 3316 645 3379 cuicumque
667 3315 841 3365 Schwarzius:
866 3312 1021 3361 cuiuscum—

123 3382 293 3448 llmodicc
312 3384 357 3430 W:
375 3382 449 3432 modi
468 3399 501 3433 ea
518 3384 538 3432 B
557 3383 614 3430 VO
644 3379 654 3445 ΙΙ
686 3384 717 3432 19
736 3395 849 3431 securus
867 3380 884 3427 0
902 3382 948 3427 W:
977 3395 1019 3430 se·

833 3602 867 3648 3*
