2406 4012
215 197 255 261 78
533 197 556 249 Ι.
591 194 621 245 Ο.
642 194 758 245 PLINII
776 193 855 245 Pau.

213 369 289 411 uero
311 368 376 411 non
398 346 492 409 modo
514 345 624 408 domus
647 343 702 407 sed
725 342 870 407 cubicula
890 343 964 426 ipsa
985 344 1168 429 intimosq

214 453 355 496 secessus
382 430 518 494 recludit
545 428 715 511 omniaque
743 449 861 491 arcana
888 428 1059 493 noscenda
1081 429 1153 493 fam
1166 455 1174 515 ·.'

212 516 363 599 proponit
386 519 480 596 atque
503 512 651 596 explicat.
688 511 744 575 sed
770 511 840 594 tibi,
867 511 998 591 ansar,
1028 512 1115 578 nihil
1140 546 1161 570 1»

214 598 442 663 commodatius
463 598 561 660 fuerit
582 597 622 660 ad
642 596 777 679 gloriam
799 617 893 679 quam
908 598 1041 680 penitus
1056 598 1109 661 ins
1129 598 1164 661 i·

187 687 289 747 esunt
317 681 444 765 quidem
470 682 635 764 praeclara
668 702 747 763 quae
780 681 816 743 in
848 680 1017 764 publicum
1046 620 1159 765 proi

214 769 353 830 sednon
384 767 510 829 minora
538 787 575 829 ea
603 786 684 847 quae
711 764 822 828 limine
847 769 957 829 tenes:
981 769 1034 829 est
1058 766 1176 863 magni·

212 851 306 914 ficum
323 851 407 934 quod
421 853 454 913 te
469 850 510 913 ab
532 851 619 914 omni
641 849 834 932 contagione
857 849 1013 913 uitiorum
1034 850 1166 933 repno'

213 957 249 999 ac
277 956 423 1017 reuocas,
456 934 511 998 sed
538 934 796 1017 magnificentius
825 933 910 1016 quod
936 937 1023 997 tuos,
1061 938 1175 1019 quanto

213 1021 299 1084 enirn
325 1020 429 1103 magis
457 1019 590 1082 arduum
624 1021 673 1081 cst
706 1017 786 1080 alios
819 1020 981 1100 praestare
1009 1039 1111 1101 quam
1139 1047 1185 1090 κ,

174 1107 303 1169 rotante
319 1103 509 1167 laudabilius
530 1103 622 1186 quod,
646 1123 716 1165 cum
737 1102 806 1184 ipse
827 1103 870 1164 sis
891 1101 1047 1184 optimus,
1071 1122 1177 1167 omncs.

214 1190 297 1250 circa
319 1191 351 1250 te
374 1187 492 1250 similes
512 1188 558 1249 tui
581 1186 724 1249 effecisti.
754 1185 864 1248 multis
885 1185 1068 1250 illustribus
1089 1186 1184 1267 dedu.¹

213 1273 278 1333 cori
298 1271 361 1333 fuit
383 1274 438 1333 aut
459 1270 670 1334 inconsultius
690 1290 771 1333 uxor
791 1272 953 1352 assumpta
974 1268 1032 1334 adt
1055 1274 1174 1335 retenta

211 1355 403 1437 patientius:
431 1355 478 1417 ita
499 1355 577 1417 foris
600 1355 703 1417 claros
726 1354 901 1418 domestica
923 1355 1111 1419 destruebat
1129 1354 1180 1419 in-.'

211 1439 319 1520 famia,
343 1441 376 1502 et
397 1459 438 1502 ne
460 1438 591 1502 maximi
613 1440 698 1502 ciues
719 1437 912 1501 haberentur
931 1437 995 1503 hoc
1017 1438 1180 1503 efficiebat.

174 1548 198 1587 15
213 1524 295 1607 quod
322 1523 429 1586 mariti
456 1523 595 1586 minores
629 1525 729 1585 erant.
765 1523 825 1586 tibi
852 1543 931 1586 uxor
958 1523 992 1585 in
1020 1522 1119 1588 decus
1143 1526 1184 1587 et·

212 1609 349 1691 gloriam
377 1607 470 1672 cedit.
503 1607 577 1691 quid
606 1607 690 1670 enim
719 1606 774 1669 illa
802 1606 967 1670 sanctius?
997 1606 1077 1690 quid
1097 1606 1171 1671 anti·

205 1693 329 1776 ‘quius'l
350 1714 466 1774 nonne,
489 1693 515 1755 si
537 1691 682 1774 pontifici
704 1691 843 1754 maximo
867 1690 1016 1774 eligenda
1038 1692 1084 1755 sit
1105 1712 1171 1757 oon·

212 1780 305 1860 iunx,
334 1780 389 1840 aut
414 1776 498 1839 hanc
525 1779 581 1838 aut
601 1775 736 1838 similem
754 1774 822 1858 (ubi
838 1777 1007 1839 astantem
1023 1774 1171 1873 similist)

212 1861 369 1943 elegerit?
392 1882 485 1942 quam
517 1859 572 1922 illa
600 1858 682 1922 nihil
712 1860 772 1923 sibi
803 1881 842 1923 ex
868 1859 1001 1923 fortuna
1028 1863 1088 1925 tua
1114 1858 1171 1924 niu

175 1967 200 2004 20
214 1943 364 2025 gaudium
392 1944 552 2006 uindicat!
581 1964 675 2025 quam
703 1946 887 2007 constanter
909 1965 975 2007 non
997 1944 1170 2027 potentiam

212 2031 309 2110 tuam,
336 2027 391 2089 sed
418 2029 524 2109 ipsum
551 2030 584 2088 tc
611 2029 788 2091 reuerctur!
818 2028 903 2092 idern
931 2028 1009 2092 estis
1037 2029 1172 2093 inuicem

211 2111 291 2192 quod
315 2111 432 2193 fuistis,
453 2111 580 2193 probati
603 2133 641 2174 ex
664 2133 773 2195 aequo,
796 2112 939 2195 nihilque
961 2112 1056 2176 uobis
1077 2110 1171 2177 felici-

210 2199 261 2258 tas
297 2195 433 2277 addidit,
466 2195 528 2258 nisi
562 2195 645 2278 quod
678 2198 759 2259 scire
793 2197 942 2279 coepistis
971 2217 1068 2280 quam
1095 2196 1196 2261 bene·

211 2284 342 2363 uterque
364 2283 504 2343 uestrum
526 2280 712 2343 felicitatem
734 2281 827 2343 ferat.
861 2281 970 2344 eadem
993 2302 1091 2364 quam
1111 2300 1171 2345 mo

171 2386 197 2426 ae
212 2365 281 2430 dica
303 2366 405 2433 cultu!
435 2387 529 2449 quam
557 2386 652 2448 parca
680 2365 846 2428 comitatu!
875 2385 971 2447 quam
998 2365 1107 2429 ciuilis
1126 2366 1171 2429 in·

210 2451 315 2514 sessu!
339 2450 447 2513 mariti
469 2450 529 2513 hoo
551 2471 641 2532 opus,
664 2448 717 2532 qui
733 2448 779 2511 ita
801 2448 926 2531 imbuit,
949 2449 997 2513 ita
1018 2448 1169 2514 instituit:

208 2556 285 2599 nam
308 2536 397 2597 uxori
428 2533 547 2597 sufficit
576 2533 720 2615 obsequii
748 2532 860 2616 gloria.
896 2555 949 2617 an,
972 2553 1045 2597 oum
1069 2534 1172 2599 uideat

210 2640 305 2700 quam
327 2622 359 2680 tc
382 2617 488 2679 nullus
510 2622 620 2694 terror,
643 2617 733 2679 nulla
754 2617 922 2681 comitetur
943 2617 1090 2703 ambitio,
1111 2638 1171 2681 nou

210 2701 334 2781 etipsa
357 2721 428 2762 oum
457 2700 584 2762 silentio
612 2700 742 2764 incedat
768 2701 1068 2801 ingredientemque
1089 2702 1172 2787 pedi-

171 2805 196 2843 so
209 2784 268 2846 bus
296 2783 455 2863 maritum,
483 2783 518 2845 in
545 2787 699 2866 quantum
726 2786 849 2867 patitur
875 2806 980 2868 sexus,
1009 2782 1171 2851 imitetur?

210 2866 350 2931 decuerit
376 2865 438 2929 hoc
465 2866 569 2951 illam,
599 2869 723 2932 etiamsi
751 2869 878 2933 diuersa
904 2872 940 2933 tu
968 2870 1082 2935 facias.
1116 2868 1171 2935 snb

208 2951 269 3014 hac
291 2972 367 3014 uero
389 2951 545 3015 modestia
571 2952 632 3015 uiri
659 2955 810 3037 quantam
833 2954 928 3018 debet
948 2954 1170 3019 uerecundiam

208 3058 286 3100 uxor
308 3037 434 3116 meritc,
458 3036 579 3099 femina
601 3036 679 3100 sibi!

264 3119 441 3184 LXXXIV.
466 3119 563 3185 Soror
590 3125 696 3184 autern
723 3125 780 3186 tua
807 3124 844 3186 ut
872 3142 906 3185 se
935 3143 1078 3187 sororem
1107 3142 1172 3187 esse

170 3226 195 3266 ae
209 3206 367 3269 meminit!
391 3208 427 3267 ut
448 3205 481 3267 in
503 3205 559 3268 illa
579 3208 635 3269 tua
654 3206 851 3290 simplicitas,
874 3209 930 3270 tua
943 3206 1078 3291 ueritas,
1100 3210 1172 3271 bins

277 3448 290 3494 1
311 3445 404 3494 domos
423 3458 439 3507 ς
462 3440 472 3508 ΙΙ
496 3446 511 3493 2
530 3459 654 3495 recessus
673 3458 689 3510 ς
713 3442 723 3509 u
748 3447 779 3494 22
798 3446 907 3511 probati
925 3446 1090 3497 Perizonius:
1113 3460 1171 3513 pro·

207 3511 280 3561 batis
298 3512 326 3559 Η
344 3511 414 3561 idem
431 3512 554 3576 probatis
574 3513 699 3578 Gleriqius
