2406 4012
185 199 205 262 8
509 201 532 250 Ι.
562 197 592 249 0.
612 198 728 250 PLINII
746 196 829 252 PAN.

185 349 331 432 sumpsit.
363 349 472 432 itaque
493 369 560 412 non
581 349 651 411 tum
672 348 707 411 in
729 347 874 411 eubiculo
893 347 949 411 sed
970 348 1007 411 in
1022 350 1160 434 temple,
1178 354 1183 373 ³

186 455 246 498 nee
274 437 348 497 ante
376 433 537 518 genialem
564 436 671 495 torum
699 431 754 495 sed
784 433 859 495 ante
886 432 1041 516 puluinar
1068 434 1156 499 Iouis

186 518 300 602 optimi
322 517 454 581 maximi
476 516 605 599 adoptio
628 521 759 599 peraeta
780 519 838 598 est,
864 537 927 599 qua
941 517 1075 581 tandem
1088 539 1156 599 non

186 602 323 666 seruitus
345 603 456 665 nostra
478 600 532 664 sed
547 601 679 665 libertas
702 602 733 664 et
755 601 840 664 salus
864 603 897 664 et
911 602 1066 665 securitas
1081 602 1159 665 fun·

160 686 329 751 relabatur.
376 686 436 749 sibi
459 686 546 749 enim
568 684 703 770 gloriam
725 684 813 748 illam
836 684 867 748 di
888 684 1154 750 uindicauerunt:

185 770 300 834 horum
323 792 403 854 opus
424 770 513 853 illud,
541 769 655 833 horum
676 769 857 853 imperium,
890 767 999 832 Nerua
1027 773 1155 834 tantum

186 855 332 918 minister
364 854 427 918 fuit
460 855 665 938 adiutorque:
709 854 763 937 qui
791 874 862 917 cum
889 853 1062 936 adoptaret
1088 857 1156 918 tam

185 939 292 1023 paruit
324 962 418 1024 quam
450 943 487 1003 tu
520 940 574 1023 qui
609 937 822 1022 adoptabaris.
873 938 980 1001 adlata
1013 941 1085 1003 erat
1117 960 1154 1002 ex

185 1023 354 1088 Pannonia
376 1025 495 1107 laurea,
518 1023 552 1087 id
568 1023 739 1108 agentibus
755 1022 802 1085 dis
825 1024 861 1084 ut
882 1022 997 1086 inuicti
1020 1023 1155 1169 impers-

148 1136 173 1174 10
186 1108 264 1172 toris
298 1109 461 1172 exordium
493 1109 647 1172 uictoriae
682 1107 810 1191 insigne
844 1106 1018 1170 decoraret.
1095 1127 1159 1171 ano-

186 1193 360 1274 imperator
392 1192 501 1256 Nerua
534 1193 569 1254 in
598 1191 720 1277 gremio
743 1191 830 1255 Iouis
860 1190 1052 1272 collocarat,
1082 1211 1154 1256 eum

187 1280 320 1359 repente
342 1277 438 1344 solito
454 1276 554 1339 maior
576 1281 608 1339 et
631 1297 672 1339 au
719 1276 809 1357 stim,
833 1274 990 1338 aduocata
1006 1275 1159 1339 contione

187 1361 356 1425 hominum
378 1361 582 1443 deorumque,
605 1364 637 1423 te
659 1360 761 1423 fiium
784 1360 854 1441 sibi,
876 1358 938 1423 hoc
952 1361 1002 1423 est
1022 1359 1154 1424 unicum

188 1445 342 1509 auxilium
363 1446 456 1508 fessis
478 1445 573 1508 rebus
595 1444 784 1528 adsumpsit.
818 1443 894 1507 inde
909 1443 1000 1527 quasi
1016 1443 1156 1527 depositi
1181 1452 1184 1457 '

150 1555 176 1650 ³⁵
186 1530 591 1679 ttttfitlttttttt
613 1528 1156 1696 ttadfitttttitttdtt
1186 1526 1194 1667 l

186 1700 270 1782 quod
293 1699 454 1764 difficilius
476 1637 538 1763 lide
554 1702 623 1781 est),
646 1719 713 1760 non
736 1718 826 1761 secus
849 1717 888 1760 ae
909 1697 1075 1779 praesenti
1097 1697 1156 1761 tibi
1191 1690 1194 1745 l

186 1785 327 1866 innixus,
357 1785 422 1847 tuis
448 1783 565 1847 umeris
588 1805 622 1846 se
650 1782 851 1865 patriamque
873 1784 1071 1865 sustentans,
1101 1785 1161 1845 tua
1192 1790 1194 1823 ³

187 1869 328 1946 iuuenta,
351 1871 407 1931 tuo
430 1869 544 1930 robore
566 1866 713 1930 inuoluit.
750 1866 859 1930 statim
882 1865 1028 1929 consedit
1050 1867 1158 1931 omnis

146 1977 172 2016 20
188 1952 353 2015 tumultus.
390 1972 457 2014 non
485 1950 664 2034 adoptionis
693 1972 773 2033 opus
801 1950 897 2032 istud,
928 1950 983 2014 sed
1010 1950 1156 2034 adoptati

186 2036 264 2119 fuit3
287 2057 383 2118 aque
406 2035 484 2098 adeo
506 2039 626 2099 temere
647 2035 768 2099 fecerat
782 2034 903 2117 Nerua,
927 2035 954 2098 si
970 2035 1158 2118 adoptasset

187 2120 297 2183 alium.
334 2119 468 2183 oblitine
500 2142 609 2184 sumus
642 2121 678 2183 ut
705 2141 807 2202 nuper
838 2122 912 2202 post
949 2119 1158 2202 adoptionem

186 2226 253 2268 non
290 2203 421 2268 desierit
462 2204 586 2287 seditio,
623 2204 679 2268 sed
712 2203 876 2287 eoeperit?
910 2203 1158 2268 inritamentum

186 2289 272 2354 istud
303 2289 424 2352 irarum
461 2292 494 2352 et
526 2290 582 2353 fax
618 2289 773 2352 tumultus
809 2287 939 2370 fuisset,
977 2287 1042 2351 nisi
1076 2289 1161 2352 inei-

149 2400 174 2438 25
187 2375 284 2438 disset
306 2375 341 2437 in
363 2377 406 2438 te.
450 2397 493 2438 an
521 2374 651 2438 dubium
678 2377 740 2456 est,
770 2375 807 2436 ut
829 2373 904 2436 dare
926 2374 1034 2456 posset
1057 2373 1160 2457 impe-

185 2461 268 2523 rium
295 2459 469 2542 imperator
497 2460 550 2542 qui
577 2459 792 2523 reuerentiam
820 2457 984 2538 amiserat,
1018 2459 1157 2521 auotori-

185 2548 252 2606 tate
280 2546 347 2606 eius
376 2544 524 2607 effectum
553 2545 604 2606 oui
626 2542 785 2606 dabatur?
812 2541 907 2604 simul
934 2540 1029 2623 filius,
1061 2541 1157 2606 simul

255 2783 344 2830 lium
365 2796 426 2845 epo:
445 2784 474 2829 tu
493 2783 527 2840 Μ,
547 2783 628 2831 omli
646 2779 774 2846 tuiwsst
793 2784 884 2830 antem
904 2795 967 2842 gen.
982 2777 988 2842 Ι
1003 2778 1119 2844 puluine
1135 2784 1158 2830 R

187 2848 199 2913 qi
224 2848 309 2898 ised
328 2847 404 2898 salus
424 2852 452 2898 et
470 2849 587 2899 libertas
604 2850 628 2897 B
653 2847 658 2914 1
685 2849 851 2898 fundebatur
868 2848 901 2893 W
925 2845 934 2910 l
959 2847 1098 2897 ouindic.
1118 2848 1157 2897 dii

185 2915 302 2979 gloriam
319 2916 395 2966 illam
413 2913 452 2980 011
470 2919 486 2966 6
504 2932 573 2981 opus
591 2917 654 2966 illut
671 2917 766 2966 horum
785 2917 820 2964 R:
839 2929 907 2980 opus
925 2915 1020 2965 horum
1039 2914 1112 2964 illud
1129 2917 1160 2962 Ι

187 2986 190 3048 l
219 2988 313 3034 tamen
331 2984 395 3033 min.
413 2985 469 3033 Bc
494 2982 504 3048 ΙΙ
528 2987 543 3035 7
567 2985 621 3034 fuit
638 2985 763 3034 minister
781 2986 804 3031 R
831 2988 834 3041 Ι
862 2981 1026 3046 adiutorque
1044 2984 1157 3046 scripsi:

184 3056 300 3117 uterque
320 3054 337 3099 c
360 3052 470 3116 utrique
488 3054 508 3102 B
526 3053 548 3100 V
569 3058 653 3117 utque
672 3053 705 3100 W
722 3056 753 3101 ut
770 3053 793 3099 R
822 3047 832 3115 ΙΙ
863 3052 910 3114 qui
928 3064 987 3100 eum
1007 3048 1158 3114 adoptaret

183 3122 292 3185 scripsi:
316 3121 363 3184 qui
382 3120 531 3184 adoptaret
548 3122 571 3169 R
588 3122 615 3167 Η
638 3117 643 3183 Ι
670 3121 765 3184 utique
785 3121 832 3182 qui
850 3118 1000 3182 adoptaret
1020 3116 1161 3168 Ernestiur

185 3189 332 3254 adoptarat
349 3187 509 3238 Schwarziur
527 3191 555 3237 et
573 3188 621 3252 qui
638 3187 790 3251 adoptabat
807 3186 909 3235 Kcilc'ur
930 3182 940 3249 ΙΙ
962 3186 994 3235 10
1014 3184 1158 3234 exordium

184 3258 218 3305 R:
238 3261 362 3306 exortum
380 3258 408 3303 Ι
428 3257 432 3320 Ι
458 3255 620 3305 decorarent
636 3255 657 3303 B
674 3255 698 3302 V
721 3252 725 3317 Ι
750 3254 823 3302 hanc
841 3269 887 3304 om.
905 3256 929 3301 a
951 3249 962 3316 ΙΙ
987 3253 1018 3302 11
1036 3251 1160 3303 colloca·

184 3329 228 3372 ret
245 3325 268 3371 R
280 3322 289 3388 ll
302 3327 334 3374 12
352 3323 463 3374 solitum
481 3324 568 3372 maior
586 3323 784 3386 augustiorque
802 3323 825 3370 R
844 3319 848 3384 Ι
868 3321 996 3370 contione
1014 3319 1157 3369 hominum

183 3394 219 3439 a:
241 3391 377 3441 hominum
398 3391 530 3440 concione
550 3387 810 3454 (conc.om.w)1
833 3386 843 3452 11
868 3390 901 3437 14
922 3388 1054 3437 fesseca
1078 3385 1083 3451 Ι
1109 3387 1159 3437 de-

183 3458 274 3522 posito
292 3459 407 3523 imperio
426 3455 509 3522 Gl¹⁷
529 3453 574 3520 ae]
595 3457 628 3506 ad
648 3453 743 3521 31120
761 3456 808 3506 sed
829 3455 955 3518 adoptati
974 3454 1027 3504 fuit
1044 3455 1081 3504 R:
1101 3455 1162 3505 fuit

183 3525 232 3575 sed
251 3525 378 3591 adoptati
395 3527 423 3572 lli
440 3522 449 3589 ΙΙ
467 3527 500 3574 25
517 3530 547 3573 ut
566 3540 596 3573 ·e·
614 3540 649 3575 ne
668 3523 733 3575 dare
752 3523 807 3571 BV
825 3528 856 3572 ut
875 3522 938 3572 dare
957 3536 1012 3571 non
1031 3536 1056 3587 ς.
