2406 4012
322 176 505 264 asuerus]
523 212 734 267 uaxruraru.
755 215 847 264 7-10.
1009 211 1069 275 109

97 364 198 431 istinc
219 361 346 426 fabulas
367 361 598 445 imperitorum,
621 383 732 425 uerum
754 361 933 444 loquamur:
962 367 1070 426 uestra

97 447 194 514 uobis
215 447 336 531 pietas,
366 446 580 510 sacratissime
599 446 786 529 imperator,
814 446 959 510 uolucres
982 445 1070 511 dedit

100 552 226 599 cursus.
271 531 390 595 etenim
417 551 489 595 oum
511 529 594 593 nihil
620 530 663 594 sit
685 530 791 594 animo
813 530 969 612 uelocius,
998 551 1067 613 uos,

98 637 238 716 quorum
264 615 382 700 igneae
406 614 663 699 immortalesque
689 618 814 679 mentes
841 615 973 679 minime
999 637 1069 679 sen-

99 704 190 767 hunt
210 720 379 784 corporum
402 720 523 782 moras,
550 699 693 783 peruecti
719 700 795 763 estis
823 699 863 762 ad
885 721 942 764 uos
965 700 1095 765 mutuis

101 784 251 851 desiderii
274 782 447 848 celeritate.

164 868 225 936 IX.
262 866 325 933 Sed
348 889 412 950 qua
433 867 564 931 tandem
586 869 656 932 uice
678 868 879 950 temporum?
906 889 969 951 quo
990 872 1070 933 tem-

99 953 240 1039 pestatis
270 951 409 1016 habitu?
451 972 567 1034 nempe
600 950 705 1015 hieme
736 952 922 1015 saeuissime
955 955 987 1015 et
1019 952 1070 1016 his

100 1059 230 1123 quoque
251 1036 437 1121 regionibus
458 1037 621 1116 inusitata,
646 1057 717 1100 cum
740 1056 835 1120 agros
851 1036 980 1119 glacies,
1002 1036 1071 1121 gla-

102 1124 186 1187 ciem
213 1121 306 1185 niues
334 1124 517 1205 premerent
548 1121 637 1185 caelo
666 1119 787 1202 pariter
815 1140 852 1183 ac
880 1121 974 1185 terris
1001 1121 1071 1184 uni-
1085 1143 1109 1181 10

99 1206 260 1272 formibus
289 1226 424 1288 cumque
445 1204 508 1287 ipsi
531 1204 692 1271 anhelitus
712 1204 880 1269 hominum
909 1205 993 1270 circa
1014 1227 1072 1270 sua

101 1312 160 1357 ora
189 1290 330 1354 concreti
355 1291 462 1374 rigore
491 1293 706 1357 canescerent.
751 1290 839 1371 adeo,
871 1292 907 1353 ut
933 1311 984 1354 res
1012 1294 1070 1372 est,

101 1375 256 1439 aduersus
283 1373 522 1438 inclementiam
550 1375 690 1439 locorum
718 1395 755 1438 ac
782 1375 921 1438 siderum
946 1377 1071 1439 uestrae

101 1480 162 1524 uos
182 1459 361 1522 maiestatis
376 1459 523 1541 potentia
538 1458 687 1523 tuebatur
709 1461 745 1522 ut
761 1459 874 1523 ceteris
889 1457 1071 1523 hominibus

101 1548 203 1627 atque
229 1542 415 1627 regionibus
442 1543 476 1605 ui
502 1543 658 1627 frigorum
685 1543 825 1606 astrictis
851 1546 883 1605 et
911 1544 1072 1625 oppressis
1086 1563 1111 1603 15

102 1648 165 1693 uos
188 1627 271 1691 solos
293 1648 387 1691 aurae
409 1628 497 1691 lenes
518 1629 673 1710 uernique
691 1627 785 1690 fletus
808 1633 840 1690 et
855 1626 992 1691 diductis
1015 1648 1072 1690 nu-

101 1712 201 1777 bibus
218 1711 258 1775 ad
274 1711 391 1776 itinera
407 1715 514 1783 uestra
529 1710 647 1775 derecti
663 1711 739 1774 solis
754 1711 834 1774 radii
849 1714 1073 1794 sequerentur:

102 1799 201 1861 tanta
221 1795 376 1860 facilitate
402 1795 459 1859 illa
485 1817 567 1879 quae
589 1800 666 1859 tunc
689 1795 760 1859 aliis
782 1795 913 1858 fuerunt
933 1796 1073 1859 inacces-

103 1881 214 1945 sibilia
249 1880 423 1964 superastis
456 1883 550 1964 atque
587 1880 662 1944 inde
689 1879 803 1962 Iulias,
842 1878 920 1945 hine
949 1879 1073 1945 Cottiae

104 1964 208 2049 Alpes
230 1965 319 2048 quasi
341 1964 469 2030 relictas
497 1967 587 2028 aestu
610 1985 722 2029 arenas
743 1965 922 2048 petentium
944 1965 1073 2029 litorum
1086 1986 1112 2025 ao

103 2049 354 2114 transcurristis.
398 2052 474 2113 eant
502 2071 587 2113 nunc
611 2071 718 2113 rerum
746 2053 890 2114 ueterum
911 2050 1073 2134 praedica·

103 2138 193 2200 tores
221 2136 255 2198 et
275 2132 494 2198 Hannibalem
516 2133 606 2198 illum
628 2134 737 2198 multis
758 2134 921 2199 laboribus
942 2157 1073 2219 magna·

104 2240 170 2303 que
193 2219 349 2282 exercitus
377 2218 427 2282 sui
449 2218 660 2282 diminutione
682 2219 783 2301 Alpes
805 2223 989 2301 penetrasse
1017 2219 1074 2281 mi-

105 2304 236 2367 rentur!
280 2323 337 2366 uos
344 2353 353 2385 ,
389 2304 594 2368 inuictrssrmr
627 2306 850 2386 1mperatores,
887 2324 986 2385 prope
1015 2302 1075 2364 soli

106 2387 241 2470 Alpium
282 2388 350 2451 uias
388 2387 532 2451 hibernis
573 2387 701 2450 niuibus
743 2387 919 2450 obstructas
957 2385 1075 2448 diuinis
1088 2404 1114 2444 25

105 2470 255 2555 uestigiis
277 2472 459 2554 aperuistis,
483 2476 519 2535 ut
535 2471 695 2554 quondam
710 2470 864 2533 Hercules
885 2490 944 2552 per
965 2468 1075 2532 eadem

106 2555 167 2620 illa
188 2556 328 2620 culmina
349 2555 502 2620 Hiberiae
525 2555 627 2638 spolia
648 2553 854 2618 incomitatus
877 2553 1018 2618 abduxit.

172 2639 214 2703 X.
258 2639 355 2719 Tum,
385 2641 414 2704 si
441 2641 589 2705 fortunae
619 2659 796 2721 causaeque
817 2638 1010 2703 Hannibalis
1039 2660 1076 2703 ac

106 2727 289 2788 uestrorum
306 2725 457 2789 itinerum
480 2728 713 2808 comparentur,
737 2728 858 2808 quanto
873 2724 953 2789 haee
971 2728 1077 2789 uestra

108 2807 158 2872 dis
179 2807 424 2893 hominibusque
446 2810 626 2892 acceptiora
648 2808 747 2873 sunt?
783 2811 901 2892 quanto
923 2808 1016 2873 laude
1039 2826 1115 2873 aceo

107 2891 306 2975 sempiterna
327 2894 480 2958 memoria
502 2893 674 2978 digniora?
703 2896 781 2957 tunc
803 2893 910 2957 Poeno
934 2915 973 2958 ex
994 2915 1078 2958 sum·

180 3133 197 3180 2
209 3146 266 3184 sec.
279 3133 343 3197 imp.
355 3135 383 3180 Η
395 3130 405 3198 ΙΙ
418 3134 434 3182 5
446 3134 569 3198 corporis
581 3134 598 3182 0
613 3131 618 3195 Ι
633 3131 755 3197 prouecti
766 3132 789 3179 A
801 3129 839 3196 ΙΙ·8
853 3132 896 3181 his
908 3132 931 3179 A
941 3131 972 3179 W
983 3128 1078 3179 Bere:

108 3200 138 3250 in
151 3198 197 3249 hie
210 3200 283 3248 BGV
295 3198 305 3265 ΙΙ
317 3203 333 3250 9
346 3214 428 3264 agros
438 3200 530 3264 cnsp:
543 3199 655 3265 algoris
671 3200 675 3263 Ι
691 3198 807 3264 glaciem
820 3195 1079 3248 niuesABVBert.:

109 3267 220 3331 glacies
230 3267 347 3318 niuemc
359 3283 420 3318 cum
430 3266 507 3332 algor
513 3267 618 3333 glacies
629 3268 827 3330 niuesprem.w
838 3265 848 3332 ΙΙ
862 3268 894 3316 13
906 3264 1080 3315 clementiam

109 3338 129 3384 0
141 3333 153 3400 ΙΙ
166 3336 200 3384 14
211 3330 255 3402 ut]
269 3340 298 3385 et
310 3337 370 3385 edd.
385 3332 395 3399 ΙΙ
408 3336 440 3384 16
452 3334 529 3385 lenes
541 3337 586 3384 W:
606 3335 681 3385 leues
693 3335 791 3383 Ancv
806 3335 810 3397 Ι
825 3333 943 3384 diductis
955 3333 978 3380 A
988 3332 1079 3386 Bora:

111 3403 240 3453 deductis
252 3404 362 3453 ΜΠ
379 3400 389 3467 ΙΙ
408 3405 439 3453 17
454 3403 551 3454 directi
562 3405 590 3450 Ι
604 3399 609 3467 Ι
625 3408 805 3466 sequerentur
817 3418 879 3465 epo:
896 3400 1081 3466 sequebantur

110 3472 139 3519 Ι
155 3467 166 3535 ΙΙ
183 3472 216 3521 18
228 3471 282 3521 alis
294 3471 367 3519 AGV
381 3475 386 3532 Ι
402 3471 514 3521 luerunt
525 3471 562 3520 H.
575 3470 709 3520 Ruellius:
721 3469 813 3520 forent
823 3472 851 3517 Η
864 3465 1011 3533 (florentA)
1024 3467 1035 3535 ΙΙ
1048 3472 1080 3521 28

111 3534 181 3604 tum]
201 3543 295 3589 tamen
312 3538 345 3587 W
360 3536 370 3603 ΙΙ
387 3541 420 3589 30
439 3543 543 3603 quanta
561 3536 641 3588 laude
659 3539 687 3584 Η
704 3533 715 3602 ss
731 3539 763 3587 31
782 3552 852 3602 pene
870 3537 890 3585 B
901 3537 923 3584 V
