2406 4012
269 192 481 245 araxffllnuc
500 193 671 246 AUGUSTO
690 194 726 245 D.
746 197 854 246 13-14.
983 195 1041 259 lOl

68 344 124 408 illi
139 342 228 408 facta
240 342 446 423 demonstret,
468 363 526 407 uos
547 341 721 408 identidem
744 347 776 409 et
791 366 916 428 semper
937 348 1044 410 osten-

70 430 135 493 dat
155 430 342 512 praesentes
368 429 402 492 et
423 426 561 510 optimos
583 428 806 512 imperatoriae
829 429 1044 494 institutionis

72 516 232 578 auctores.
276 512 405 576 interim
427 513 537 575 tamen
559 515 607 595 te,
629 513 776 597 gentium
798 513 943 596 domina,
968 535 1044 598 quo-

71 598 165 663 niam
193 595 278 660 hunc
306 595 542 680 optatissimum
569 597 748 680 principem
775 598 811 662 in
836 597 950 663 Galliis
979 598 1044 663 suis

71 681 196 746 retinet
217 682 300 744 ratic
321 679 533 765 reipublicae,
555 702 762 765 quaesumus,
787 683 814 747 ei
836 682 906 747 fieri
927 686 1070 767 potesta

71 786 119 831 ne
146 766 221 830 huic
249 764 395 829 inuideas
422 764 562 848 ciuitati,
591 766 641 830 cui
668 787 756 831 nunc
784 767 838 831 ille
866 766 1044 832 similitudi-

73 871 153 915 nem
175 849 351 914 maiestatis
372 851 446 914 tuae
468 850 593 913 confert
615 850 753 914 natalem
776 854 866 915 tuum
890 852 973 916 diem
996 873 1044 915 ee-

73 934 231 1001 lebrando
244 934 278 997 in
294 956 340 1016 ea,
363 933 626 998 consuetudinem
645 935 904 1018 magnificentiae
918 936 979 1000 tibi
993 936 1044 1000 de·

74 1021 173 1084 bitae.
222 1022 318 1103 teque
345 1019 465 1102 ipsum,
495 1018 684 1101 imperator,
720 1039 847 1083 oramus
874 1022 911 1082 ut
937 1019 1043 1097 etiam,

74 1125 151 1169 cum
178 1123 235 1167 uos
262 1103 361 1167 totius
389 1104 474 1167 orbis
503 1103 671 1166 securitate
699 1103 875 1187 composita
902 1103 959 1167 illa
986 1103 1043 1167 im·
1058 1121 1084 1163 ιο

74 1187 766 1337 ccicccccccccccc
783 1187 852 1337 ἕξω
867 1187 1045 1336 ararica

75 1356 195 1441 (credo
224 1295 310 1420 enim
338 1355 400 1420 hoc
424 1354 508 1420 idem
533 1293 783 1421 Diocletia’numq
797 1295 903 1421 critias
930 1356 1044 1441 rogat)

73 1441 137 1506 has
164 1441 347 1526 prouincias
374 1443 446 1505 tuas
472 1441 657 1524 frequenter
681 1441 821 1506 illustres
853 1444 886 1505 et
914 1441 1045 1526 profun-

74 1525 210 1590 dissima
240 1526 316 1590 licet
349 1546 428 1609 pace
461 1525 612 1589 florentes
644 1526 783 1589 aduentu
817 1525 959 1589 numinis
995 1525 1042 1588 tui
1056 1542 1082 1584 ιι

74 1610 192 1675 reddas
216 1609 383 1674 feliciores.
427 1608 531 1692 uides,
559 1609 748 1693 imperator,
778 1612 898 1691 quanta
925 1609 975 1672 uis
1002 1609 1045 1672 sit

74 1699 205 1758 tuorum
227 1695 262 1758 in
283 1715 342 1758 nos
365 1693 550 1758 caelestium
566 1693 811 1757 beneficiorum:
834 1691 937 1756 adhuc
954 1714 1044 1777 prae-

74 1779 184 1843 sentia
205 1782 261 1843 tua
283 1778 419 1843 fruimur
441 1777 558 1841 etiam
582 1777 718 1842 reditum
740 1776 963 1841 desideramus.

256 2205 320 2276 ΠΙ.
368 2204 561 2277 CLAUDII
588 2207 866 2279 MAMERTINI

133 2354 520 2452 PANEGYRIOUS
567 2355 990 2453 GENETHLIACUS
1057 2418 1084 2458 20

222 2526 480 2592 unmuruuo
502 2526 708 2593 Aucusro
730 2527 898 2594 urceus.

137 2697 162 2763 1.
184 2697 304 2762 Omnes
319 2696 447 2780 quidem
461 2696 620 2781 homines
636 2699 847 2765 sacratissime
862 2700 1045 2784 imperator,

78 2783 135 2932 gui
154 2781 315 2847 maiestati
338 2785 465 2846 uestrae
480 2783 589 2847 laudes
610 2787 732 2849 canunt
752 2787 785 2848 et
799 2786 919 2869 gratias
934 2785 1045 2868 agunt,

101 2867 224 2932 ebitum
243 2866 334 2930 uobis
356 2869 516 2931 conantur
535 2869 698 2934 exsoluere
720 2869 806 2953 (quis
826 2871 911 2934 enim
927 2867 1045 2951 estqui

78 2952 182 3035 possit
202 2950 335 3033 implere
344 2949 388 3047 ?)‚
422 2952 527 3015 sentio
549 2956 658 3017 tamen
680 2975 699 3017 a
720 2975 771 3017 me
793 2955 963 3038 praecipue
984 2950 1045 3015 hoc
1058 2970 1085 3012 rs

79 3036 151 3120 piae
172 3035 261 3100 uccis
283 3034 426 3099 offic1um
453 3035 522 3099 iure
544 3037 681 3119 quodam
707 3037 903 3102 sacrosancti
925 3036 1045 3100 fenoris

149 3244 163 3293 1
182 3241 230 3291 illa
248 3243 265 3290 0
285 3239 290 3306 Ι
308 3239 497 3293 demonstrent
515 3249 539 3292 et
558 3241 704 3293 ostendant
722 3243 755 3291 W
771 3239 781 3308 ss
797 3244 814 3293 4
832 3241 926 3306 galliis
944 3254 958 3288 r
975 3254 993 3289 u
1007 3254 1045 3291 w:

79 3309 164 3376 gallis
181 3310 209 3359 1
239 3306 249 3374 ΙΙ
278 3312 294 3359 8
318 3309 580 3371 consuetudinali,
603 3313 710 3360 correxi
738 3309 748 3376 ΙΙ
780 3312 810 3361 18
834 3313 863 3360 et
884 3309 938 3359 iam
955 3308 1046 3360 Bert:

81 3377 395 3429 etiamAWetBGV
425 3373 435 3441 ss
465 3378 666 3427 warram:
687 3377 867 3429 sacerBGV
893 3375 903 3442 ΙΙ
933 3378 1046 3442 iupos-

78 3449 124 3563 iet
141 3446 170 3564 ἲ
188 3443 193 3510 Ι
211 3460 228 3495 a
245 3459 286 3493 me
304 3444 356 3494 hoe
376 3459 467 3508 praec.
486 3445 538 3494 hoc
556 3447 596 3509 Π,
616 3461 684 3496 corr.
704 3459 729 3494 w
746 3446 798 3495 hoc
816 3460 906 3511 praec.
924 3452 1047 3511 tempore

99 3528 132 3563 οο
170 3528 226 3577 usp.
