2394 3990
290 185 502 238 THEODOSIO
521 184 694 236 AUGUSTO
712 186 746 235 D.
767 186 875 236 34-36,
1002 185 1065 250 303

50 340 54 347 ’
97 340 202 402 castra
225 334 359 415 collatis,
384 334 467 417 quod
486 334 654 417 praecipiti
677 333 727 396 die
747 338 876 397 manum
899 355 1065 401 conserere

50 468 53 475 -
95 443 162 487 non
184 422 327 504 poterat,
350 440 406 502 spe
429 418 581 483 uictoriae
602 420 637 482 in
660 418 763 482 lucem
786 422 939 482 uenturae
961 422 1065 502 perui-

96 507 142 592 gil
164 507 288 589 ageret,
310 503 436 566 tardum
459 503 569 586 solem,
593 502 786 567 desertorem
806 502 900 585 diem,
923 524 1065 567 annuum

95 590 200 656 noctis
216 588 357 652 aestiuas
372 591 498 670 tempus
515 588 743 652 criminaretur.
767 609 840 652 ecce
855 587 910 650 lux
924 588 1064 671 tandem,

97 677 127 739 et
147 675 213 738 iam
243 693 373 755 campus
395 671 545 736 horrebat
571 671 731 735 exercitu:
769 671 862 735 diuisi
889 673 921 736 in
946 689 1090 736 cornuae

97 758 229 843 equites,
252 757 338 820 leues
362 759 436 820 ante
459 757 552 840 signa
573 757 696 839 uelites,
723 756 895 838 dispositae
916 758 1064 840 manipu-

95 844 186 907 latim
210 840 358 905 cohortes
382 844 414 904 et
435 843 536 938 gradu
556 841 652 924 pleno
673 840 814 903 ferentes
837 842 968 924 agmina
990 863 1064 925 qua-

96 928 204 992 dratae
227 924 370 1010 legiones
397 946 545 989 umuersa
567 926 631 988 late
659 945 721 1007 qua
746 925 835 987 uisus
864 925 917 1008 agi
939 929 1065 1008 poterat

96 1012 303 1094 occuparant.
347 1009 491 1072 nondum
524 1031 558 1073 se
585 1009 688 1072 uirtus
721 1008 963 1089 experiebatur:
1000 1009 1063 1072 iam

96 1095 268 1178 disciplina
302 1093 461 1157 uincebat.
506 1096 539 1156 at
566 1096 735 1176 postquam
767 1093 854 1155 intra
884 1093 1063 1157 coniectum
1078 1114 1104 1154 ro

94 1181 151 1244 teli
180 1179 266 1243 acies
293 1181 428 1261 utraque
449 1177 611 1260 promouit
639 1181 670 1239 et
693 1176 800 1240 effusis
822 1175 897 1241 hinc
923 1177 997 1241 inde
1019 1178 1064 1242 ia-

94 1264 240 1329 culorum
263 1263 512 1347 sagittarumque
535 1260 653 1324 nimbis
675 1282 726 1325 res
748 1261 839 1325 uenit
861 1261 901 1326 ad
924 1261 1063 1346 capulos,

93 1348 215 1412 milites
237 1347 393 1430 pristinae
416 1346 559 1426 uirtutis,
588 1345 725 1409 Romani
747 1346 903 1430 nominis,
931 1347 1064 1430 impera·

94 1438 200 1497 torum
214 1432 350 1514 denique
363 1451 520 1495 memores
536 1451 662 1494 causam
673 1430 834 1513 publicam
849 1453 948 1494 manu
958 1452 1062 1515 agere.

94 1516 204 1580 hostes
232 1515 397 1579 uenditam
425 1536 572 1598 operam,
601 1515 774 1578 laceratam
801 1513 945 1595 Italiam,
975 1536 1063 1596 spem
1078 1533 1103 1573 15

94 1601 130 1664 in
150 1600 239 1665 ferro
261 1599 417 1682 reliquam
440 1601 617 1683 cogitantes
632 1597 824 1681 gladiatoria
841 1597 1064 1680 desperatione

94 1705 242 1833 pugnare
264 1705 324 1748 nec
345 1683 446 1768 gradu
470 1685 589 1765 cedere,
612 1681 666 1746 sed
689 1682 723 1744 in
746 1681 883 1764 uestigio
906 1685 991 1745 stare
1014 1683 1065 1745 uel

95 1790 132 1834 ca
157 1790 219 1833 ere.

158 1851 310 1916 XXXVI.
356 1853 402 1915 At
424 1851 478 1914 ubi
506 1849 644 1932 impulsa
672 1850 755 1914 acies
778 1849 930 1933 fronsque
958 1850 1065 1914 laxata

93 1941 128 2002 et
142 1937 259 2001 fiducia
273 1937 308 2000 in
323 1935 420 2019 pedes
435 1955 529 1999 uersa
545 1937 602 2014 est,
625 1934 670 1998 ire
686 1934 877 2018 praecipites
897 1937 952 1998 aut
966 1935 1063 2019 globo
1077 1954 1102 1994 ao

93 2023 209 2106 fugere
232 2024 320 2084 etse
342 2020 481 2084 inuicem
504 2019 687 2084 festinando
709 2019 845 2084 tardare.
879 2020 995 2084 armati
1017 2021 1065 2084 in·

95 2127 214 2189 ermes,
251 2104 371 2188 integri
404 2103 520 2185 saucii,
557 2104 652 2186 primi
680 2107 896 2188 postremique
928 2105 1064 2168 misceri.

94 2189 188 2254 miles
202 2210 339 2337 urguere
355 2189 478 2252 eminus
494 2189 648 2271 cominus,
664 2188 779 2273 gladiis
791 2188 903 2269 hastis,
918 2187 1064 2268 punctim

96 2275 216 2339 caesim
255 2274 349 2337 crire.
393 2273 447 2337 alii
474 2271 649 2356 poplitibus
676 2273 858 2353 imminere,
890 2271 944 2333 elii
972 2272 1065 2354 terga

96 2359 258 2442 configere
290 2361 347 2421 eut
374 2378 451 2440 quos
481 2377 575 2420 cursu
605 2377 671 2419 non
699 2358 849 2438 poterant
876 2355 1064 2419 continuare
1078 2371 1103 2412 25

93 2443 209 2507 iaculis
232 2463 394 2525 occupare.
424 2462 512 2504 arma
532 2440 608 2523 tela,
633 2441 705 2524 equi
727 2440 872 2503 homines
904 2439 978 2503 uiua
995 2461 1064 2522 per-

95 2530 214 2611 empta,
236 2548 339 2609 prona
354 2526 530 2608 supinaque
553 2546 686 2608 corpora
699 2525 819 2607 passim
835 2489 887 2587 uel
900 2523 934 2587 in
951 2544 1064 2588 aceruo

94 2612 211 2676 iacere.
255 2611 304 2675 illi
332 2610 453 2674 mutilis
484 2610 659 2693 excisisque
685 2609 837 2673 membris
866 2608 987 2692 reliqua
1015 2608 1065 2673 sui

165 2833 228 2882 2in
246 2831 336 2883 lucem
353 2835 462 2896 scripsi:
489 2848 550 2882 cum
569 2831 630 2882 luce
647 2835 674 2880 u
703 2829 713 2897 ΙΙ
743 2836 758 2884 3
782 2834 940 2883 animumA
965 2848 1064 2883 annum

96 2902 229 2951 Ltrineius
258 2897 267 2964 Ι
297 2901 313 2949 5
331 2901 413 2949 etiam
431 2901 457 2947 Μ
478 2898 483 2963 Ι
502 2900 624 2950 exercitu
642 2900 664 2948 A
684 2901 774 2964 Cusp:
793 2917 839 2950 cm.
856 2901 876 2948 Β
896 2900 912 2947 0
930 2901 952 2946 V
969 2900 1014 2960 w3
1038 2903 1065 2947 et

96 2968 151 3018 iam
171 2967 257 3017 omnis
276 2983 388 3033 campus
407 2967 482 3031 Cusp.
509 2966 514 3030 Ι
543 2967 616 3016 diuis
640 2965 706 3028 (dixi
724 2964 759 3029 w)
782 2967 1019 3030 incornueq.1
1050 2962 1062 3028 ΙΙ

98 3037 129 3084 11
154 3034 306 3085 iaculorum
330 3035 547 3100 sagittarumque
570 3033 592 3081 A
614 3033 705 3082 Bert:
736 3033 897 3096 sagittarum
918 3032 938 3079 Β
958 3033 975 3079 0
992 3033 1014 3078 V
1032 3033 1065 3078 W

98 3101 110 3165 {j
132 3104 164 3154 13
181 3104 287 3153 nomini
303 3103 326 3151 A
341 3100 346 3168 Ι
360 3102 533 3167 imperatoris
552 3114 577 3147 w
589 3097 599 3164 ΙΙ
617 3101 648 3148 16
667 3099 820 3163 relinquam
838 3100 860 3146 A
877 3096 887 3162 ΙΙ
903 3099 936 3147 20
954 3103 1065 3148 uersata

97 3175 141 3221 est
158 3171 186 3219 Ι
203 3168 213 3235 ΙΙ
230 3173 262 3220 21
281 3171 378 3220 armati
396 3185 482 3220 ermes
500 3169 522 3217 A
539 3165 549 3232 ΙΙ
566 3169 599 3216 24
616 3165 769 3230 poplitibus
787 3167 833 3215 Fr.
851 3166 970 3216 Medius:
989 3164 1064 3230 popli

96 3237 149 3287 tibi
166 3239 188 3287 A
206 3237 302 3303 populi
319 3238 369 3287 tibi
386 3239 406 3286 Β
424 3239 441 3286 O
458 3238 479 3284 V
497 3236 634 3286 frontibus
653 3248 677 3282 w
706 3231 716 3299 ΙΙ
746 3234 778 3284 25
797 3234 956 3284 continuare
974 3233 1064 3282 Berts

97 3307 236 3355 contineri
253 3306 275 3354 A
295 3306 432 3355 continere
452 3306 468 3353 0
485 3307 518 3352 W
535 3303 671 3354 contineri
688 3304 742 3351 BV
761 3302 921 3366 contingere
942 3301 1065 3351 Gruterus

98 3370 111 3438 ΙΙ
139 3375 173 3423 26
192 3373 248 3422 tela
265 3373 381 3423 iaculari
397 3372 535 3423 hominum
553 3376 694 3436 perempta
712 3384 737 3419 w
752 3371 757 3432 Ι
775 3368 830 3419 tcle
848 3368 870 3416 A
886 3367 890 3431 Ι
911 3369 974 3434 equi
991 3369 1063 3417 Liui-

97 3444 183 3491 neius:
207 3441 254 3506 qui
272 3442 299 3493 Μ
320 3437 354 3506 [dc
371 3441 400 3490 ui
418 3440 449 3505 V)
469 3442 473 3502 Ι
493 3437 572 3505 uiua]
591 3438 661 3488 uitia
678 3441 704 3487 Μ
724 3438 794 3501 (eia
811 3433 846 3500 A)
871 3432 881 3500 ΙΙ
909 3439 941 3486 28
961 3435 1065 3486 mutilis

96 3509 117 3556 Β
137 3510 154 3555 c
172 3509 194 3554 V
212 3507 305 3558 Baras
325 3508 430 3558 inutilis
448 3509 470 3557 A
488 3507 599 3558 inutiles
617 3520 642 3553 w
