2406 4012
233 114 237 118 ·
315 109 571 161 cousrlrrruo
590 91 770 160 rueusro.
791 112 865 160 1-1.
1013 108 1071 172 131

97 262 172 325 fere
196 258 363 324 ciuitatum
385 261 440 322 aut
454 257 581 340 publice
602 257 692 320 missi
715 261 771 321 aut
789 278 847 340 pro
870 279 903 322 se
918 257 978 321 tibi
1000 280 1072 342 sup·

99 345 205 428 plices
233 343 353 423 assint,
383 342 502 424 dicam,
536 341 725 425 imperator,
762 363 800 405 ea
828 363 909 425 quae
937 342 1073 407 libenter

101 448 275 514 agnoscas,
297 430 334 490 ut
355 426 453 490 ceteri
474 425 566 490 nobis
588 425 713 490 indulta
734 447 800 491 non
823 426 989 490 crederent
1009 426 1073 490 nisi

101 517 136 578 te
160 513 355 596 agnoscente
377 511 537 574 dixissem.
587 511 726 594 primum
749 515 798 575 est
819 514 940 593 autem,
968 530 1073 575 sacra-

100 597 227 662 tissime
259 597 450 678 imperator,
485 594 520 658 in
548 594 680 679 agendis
747 595 820 659 atiis
847 595 1013 660 ostendere
1040 594 1099 658 ids

101 680 190 766 quod
204 681 364 745 indultum
386 679 430 742 sit
450 699 518 742 non
536 678 689 743 fortuitae
719 680 878 763 elicitatis,
902 680 957 744 sed
971 680 1073 744 iustae

101 765 204 830 inisse
227 764 424 828 elementiae.
468 784 545 826 111111
572 784 644 826 cum
667 784 777 827 omnes
798 764 944 828 homines
967 785 1074 828 coram

102 871 171 915 non
193 848 377 933 indigentes
399 848 508 911 iuuare
530 848 608 911 boni
630 848 673 910 sit
692 848 864 931 principis,
890 852 959 912 tum
982 870 1073 930 prae-

103 936 199 1018 cipue
234 933 315 997 bene
346 932 469 995 meritis
503 935 536 995 et
569 932 713 1016 grauiter
749 932 871 996 affectis
904 932 1075 996 subuenire

103 1018 261 1102 sapientis
284 1018 340 1080 est.
386 1015 470 1099 quod
493 1037 565 1080 cum
591 1016 761 1080 ostendero
790 1037 855 1081 non
876 1019 944 1079 tam
966 1015 1072 1080 studio
1088 1036 1112 1076 ro

103 1102 337 1186 praedicandae
358 1100 483 1182 patriae
505 1121 594 1164 meae
617 1121 712 1183 quam
734 1100 839 1165 officio
855 1101 1074 1166 demonstran-

104 1186 165 1251 dae
191 1185 413 1270 prouidentiae
440 1188 531 1267 tuae,
560 1188 630 1248 tum
657 1185 822 1269 potissime
846 1185 1075 1250 beneficiorum

103 1274 234 1334 tuorum
255 1267 511 1354 magnitudinem
532 1290 706 1353 persequar
733 1271 851 1335 maiore
880 1274 956 1334 uoto
979 1291 1075 1353 quam

104 1354 248 1440 ingenio.
299 1374 457 1437 quaenam
483 1355 584 1438 igitur
611 1375 692 1437 gens
719 1357 787 1418 toto
815 1355 892 1419 orbe
918 1358 1075 1418 terrarum

103 1441 142 1503 in
186 1459 291 1503 amore
333 1437 472 1501 Romani
517 1437 657 1502 nominis
693 1439 814 1502 Aeduis
858 1459 892 1501 se
935 1438 1076 1521 postulet
1088 1457 1113 1498 15

104 1523 283 1606 anteponi?
348 1523 381 1585 ui
412 1522 507 1605 primi
537 1523 679 1586 omnium
706 1522 792 1585 inter
820 1521 892 1584 illas
919 1522 1076 1587 immanes

104 1612 141 1672 et
162 1607 314 1670 barbaras
327 1543 460 1670 (ilalliae
483 1609 597 1690 gentes
642 1605 765 1670 lurimis
788 1605 1075 1670 senatusconsultis

103 1693 223 1756 fratres
244 1690 357 1774 populi
378 1689 517 1754 Romani
539 1627 692 1773 appellati
714 1693 859 1773 suntet,
890 1711 962 1755 cum
985 1712 1004 1753 1
1026 1711 1075 1754 11-

103 1777 186 1840 teris
208 1797 230 1840 o
250 1775 409 1839 Rhodano
433 1775 473 1838 ad
496 1774 645 1838 Rhenum
671 1797 771 1857 usque
792 1775 921 1858 populis
948 1796 990 1840 ne
1011 1788 1076 1858 pax

104 1859 235 1945 quidem
257 1863 365 1942 posset
386 1860 450 1923 nisi
470 1864 619 1943 suspecta
642 1860 780 1944 sperari,
811 1860 888 1924 olim
911 1861 976 1924 iam
1000 1882 1075 1924 con·
1089 1880 1115 1920 ro

105 1945 339 2030 sanguinitatis
354 1944 485 2008 nomine
500 1944 631 2029 gloriati
646 1948 721 2009 sunt
739 1948 772 2009 et
786 1966 897 2028 nuper,
921 1949 957 2009 ut
971 1945 1076 2010 media

104 2032 316 2113 praeteream,
341 2028 450 2092 diuum
472 2027 642 2094 Claudium
663 2033 830 2113 parentem
851 2033 943 2094 tuum
966 2029 1006 2093 ad
1028 2051 1076 2093 re-

105 2113 305 2197 cuperandas
329 2112 449 2177 Gallias
472 2114 531 2177 soli
553 2117 750 2178 uocauerunt
772 2118 804 2177 et
826 2116 901 2177 ante
923 2113 1076 2195 paucissi-

103 2219 177 2262 mos
205 2219 321 2275 annos,
359 2197 442 2280 quod
469 2198 610 2261 maxime
637 2197 901 2280 praedicandum,
937 2195 1077 2278 plurima

103 2282 208 2366 patris
230 2283 279 2345 tui
294 2282 450 2345 beneficia
471 2281 590 2364 partim
607 2281 702 2345 rebus
725 2279 839 2344 effecta
853 2283 1075 2365 perceperunt,
1089 2298 1114 2340 11

104 2367 225 2450 partim
248 2366 355 2429 animo
377 2365 560 2450 significata
581 2365 707 2428 laetant
748 2413 754 2427 .

172 2449 230 2514 lII.
262 2449 341 2513 Fuit
362 2449 438 2514 olim
461 2447 622 2533 Saguntos
644 2449 816 2531 foederata,
839 2446 894 2511 sed
917 2468 988 2511 cum
1010 2448 1076 2511 iam

105 2534 214 2599 taedio
236 2534 350 2598 Punici
372 2534 449 2598 belli
476 2554 597 2597 nouare
622 2533 792 2617 imperium
821 2532 923 2597 omnis
946 2536 1077 2616 cuperet

105 2618 282 2703 Hispania3
304 2618 367 2682 fuit
389 2619 491 2683 amica
507 2617 660 2702 Massilia,
684 2618 739 2683 sed
759 2618 886 2703 protegi
907 2618 1076 2681 maiestate

105 2701 255 2767 Romana
283 2703 518 2787 gratulabatur3
552 2705 750 2788 imputauere
776 2725 810 2767 se
839 2703 964 2787 origine
986 2702 1075 2766 fabu-
1089 2722 1114 2762 so

177 2894 192 2940 2
212 2897 309 2941 assunt
326 2893 349 2941 A
366 2890 408 2957 114
426 2907 482 2942 111.
500 2893 631 2942 Aaou:
651 2906 729 2940 sacer
747 2891 780 2938 W
797 2891 890 2940 Mutat.
936 2893 950 2940 7
971 2885 1075 2954 coram]

107 2960 192 3009 etiam
209 2960 242 3007 W
259 2957 269 3022 ΙΙ
287 2961 303 3009 8
322 2955 391 3024 tum]
411 2963 502 3009 tamen
520 2961 543 3008 A
560 2957 569 3024 ΙΙ
587 2961 602 3009 9
621 2958 736 3008 afflictis
756 2958 889 3008 Acidaliae
913 2956 917 3021 Ι
935 2959 966 3006 10
985 2960 1077 3005 osten·

108 3026 174 3076 dero
192 3026 266 3076 Bert.
284 3040 322 3074 w:
346 3027 487 3076 ostendere
504 3028 531 3074 Η
554 3024 564 3091 ΙΙ
589 3029 621 3076 13
639 3030 713 3074 tuam
729 3032 791 3088 post
807 3023 1025 3089 magnitudinem
1043 3023 1074 3084 A,

107 3102 167 3144 ante
184 3096 287 3143 maiore
306 3094 326 3142 B
339 3096 356 3142 0
369 3094 390 3141 V
402 3095 435 3142 W
448 3095 540 3143 Molat.
561 3095 671 3143 addunt:
691 3108 738 3142 om.
751 3091 828 3142 Bere
845 3091 849 3154 Ι
867 3104 1018 3157 persequar
1035 3103 1076 3139 m:

105 3176 259 3226 prosequar·
276 3163 303 3210 Π
323 3159 333 3226 l
360 3164 390 3211 19
409 3177 425 3211 a
444 3162 591 3211 Acidaliae:
609 3176 655 3210 om.
675 3161 702 3207 u
726 3155 736 3224 ss
760 3161 794 3210 20
812 3157 877 3208 olim
894 3159 950 3208 iam
967 3159 1076 3221 scripsi.-

106 3230 160 3280 soli
177 3230 206 3277 m
224 3229 308 3279 etiam
326 3229 348 3277 A
366 3230 399 3276 W
417 3228 491 3278 Bert.
510 3229 601 3280 Melet.
620 3232 646 3277 et
663 3228 684 3276 B
702 3229 719 3275 0
737 3228 759 3274 V
775 3224 785 3291 ΙΙ
807 3229 839 3277 26
857 3223 1040 3290 significatam
1059 3227 1077 3274 (t

108 3295 120 3360 ll
150 3299 182 3346 27
201 3295 338 3362 Saguntos
356 3298 386 3344 0:
411 3299 543 3360 aegyntos
561 3296 584 3343 A
601 3295 623 3343 V
642 3295 735 3347 Μαὶαε.
760 3294 887 3358 sagintos
903 3294 923 3342 B
942 3296 1077 3359 saguntus

105 3376 132 3413 π
147 3361 158 3430 ll
179 3367 212 3415 29
231 3364 278 3414 sed
296 3364 404 3428 protegi
421 3365 529 3428 scripsi:
547 3363 656 3428 protegi
667 3377 703 3414 ,11
721 3365 748 3411 11
767 3361 813 3412 sed
830 3363 937 3427 protegi
956 3378 986 3414 se
1005 3362 1077 3413 Liui·

106 3433 179 3483 neius
202 3429 213 3496 l
236 3435 269 3483 30
287 3431 392 3481 romani
408 3429 445 3493 A;
463 3447 497 3480 an
515 3446 541 3496 p.
561 3431 685 3480 romani?
