2406 4012
411 185 570 240 manno
590 186 622 241 n.
648 189 757 242 ao-ar.
1025 186 1066 251 57

89 341 128 400 te
151 356 223 400 non
244 335 399 400 uuidere
422 337 544 400 licuisse
565 335 682 400 oleret:
715 340 848 419 uterque
870 359 972 420 nuper
994 358 1067 401 oon-

92 421 240 486 sulatum
261 419 397 484 alterum
412 423 556 504 gesserat
578 442 597 483 a
616 424 708 504 patre
727 423 783 484 tuo
807 420 854 505 (id
877 424 926 484 est
947 425 1067 504 quanto

92 505 207 569 minus
229 525 325 588 quam
352 506 457 587 atel)
487 503 610 587 datum3
644 505 808 588 utriusque
836 505 939 569 adhue
968 505 1066 571 oculis

10 630 12 635 -
120 589 196 653 aulo
220 592 295 652 ante
317 587 440 651 dimissi
462 587 565 652 fasces
587 589 793 672 oberrabant,
818 612 838 653 u
855 592 983 673 riusque
1006 591 1066 654 sol-

93 613 215 739 lemnis
243 673 298 736 ille
321 672 471 736 lictorum
499 675 531 736 et
551 674 762 756 praenuntius
790 673 909 737 elamor
937 674 1093 738 auribuss

10 820 17 825 .
94 757 271 841 insederat,
295 778 367 821 oum
388 778 497 820 rursus
520 757 638 822 eurulis
659 778 830 841 rursusque
851 780 1007 843 purpura3
1031 762 1067 823 ut

97 842 192 925 olim,
220 862 292 905 oum
313 841 415 904 hostis
437 841 472 904 in
494 841 640 924 proximo
663 842 751 904 etin
774 863 933 905 summum
955 843 1066 906 disari-

10 942 17 957 ·
96 948 176 991 men
198 925 335 990 adducta
355 946 406 988 res
428 925 558 1009 publiea
580 929 746 1008 expertum
764 925 938 988 honoribus
960 927 1067 989 uirum

10 1016 12 1021 '
121 1012 258 1092 emeret,
281 1030 348 1073 non
371 1010 554 1074 consulatus
572 1009 755 1073 hominibus
778 1008 888 1091 isdem,
912 1009 1067 1073 sedidem

96 1033 246 1159 domines
274 1094 490 1157 consulatibus
518 1094 742 1158 reddebantur.
786 1096 880 1157 tanta
904 1093 963 1156 tibi
985 1094 1067 1158 bene
1081 1113 1107 1151 10

97 1178 241 1242 faciendi
267 1178 317 1240 uis
349 1180 385 1241 ut
411 1177 615 1262 indulgentia
642 1181 698 1242 tua
724 1178 932 1242 necessitates
962 1200 1066 1243 aemu-

97 1263 194 1326 letur.
236 1261 332 1325 modo
352 1264 535 1345 praetextas
558 1265 727 1345 exuerant3
756 1268 938 1327 resumant:
971 1264 1065 1327 modo

98 1346 230 1411 lictores
253 1345 340 1410 abire
362 1347 536 1431 iusserant3
563 1350 728 1411 reuocent:
751 1347 844 1411 modo
866 1347 1066 1433 gratulantes

97 1429 197 1496 amisi
217 1434 429 1514 recesserant3
455 1434 665 1495 reuertentur.
708 1431 888 1495 hominisne
911 1433 997 1495 istud
1018 1433 1066 1495 in·

96 1514 1066 1683 staraltar.srtrssrssstast
1079 1533 1106 1572 ¹5

98 1683 177 1747 dare
204 1704 307 1766 neque
340 1684 403 1747 alia
432 1685 613 1767 repetendis
649 1683 868 1747 consulatibus
896 1683 1067 1746 interualla

96 1767 299 1852 permittere,
321 1767 385 1830 nisi
407 1768 483 1832 dum
504 1767 683 1831 finiuntur?
724 1767 824 1830 facias
847 1767 910 1830 ista
931 1788 1065 1850 semper,

96 1872 161 1916 neo
183 1873 335 1935 umquam
357 1853 391 1916 in
413 1852 474 1916 hoo
496 1873 591 1934 opere
614 1855 670 1916 aut
692 1852 817 1915 animus
840 1855 913 1915 tuus
936 1855 991 1915 aut
1004 1851 1065 1916 for-

96 1941 181 2000 tuna
201 1936 346 2000 lassetur.
373 1935 428 2000 des
451 1937 712 2021 quamplurimis
735 1936 847 2001 tertios
870 1938 1064 2015 consulatus,
1079 1954 1106 1992 20

98 2023 148 2099 et,
171 2020 412 2104 complurimis
433 2023 546 2085 tertios
569 2021 753 2085 consulatus
776 2021 917 2104 dederis,
942 2043 1067 2104 semper

96 2108 211 2169 tamen
253 2104 339 2169 lures
362 2104 477 2189 quibus
500 2105 615 2169 debeas
638 2106 713 2170 dare
736 2106 907 2188 supersint.

163 2126 263 2254 LXil.
313 2188 464 2253 Omnium
492 2190 619 2273 quidem
641 2190 871 2254 beneficiorum
898 2210 980 2272 quae
1002 2209 1065 2251 me-

97 2272 247 2337 rentibus
278 2273 465 2337 tribuuntur
496 2295 563 2337 non
594 2275 634 2337 ad
662 2275 750 2357 ipsos
779 2273 932 2356 gaudium
964 2272 1066 2334 maius

97 2356 575 2525 sarttlrsdstl
591 2354 1067 2525 attrabatas

906 2489 914 2521 l

97 2526 205 2588 totum
238 2529 384 2590 senatum
415 2530 507 2591 tanta
534 2525 657 2589 laetitia
684 2523 831 2606 peruenit
863 2526 900 2586 ut
932 2522 1068 2586 eundem

97 2608 257 2674 honorem
277 2631 386 2674 omnes
402 2610 464 2674 sibi
479 2614 512 2674 et
526 2609 649 2673 dedisse
666 2613 697 2674 et
712 2608 872 2691 aooepisse
887 2607 1065 2672 uideantur.

97 2714 218 2777 nempe
245 2694 331 2758 enim
361 2693 397 2756 hi
424 2698 500 2759 sunt
532 2715 611 2778 quos
643 2697 790 2776 senatus,
830 2714 902 2757 eum
930 2692 1066 2776 publicis

97 2777 279 2874 sumptibus
301 2778 482 2842 minuendis
511 2778 668 2862 optimum
693 2799 848 2862 quemque
870 2778 1065 2860 praeficeret,
1080 2794 1108 2834 ao

98 2861 213 2946 elegit,
247 2865 280 2926 et
307 2863 434 2946 quidem
461 2863 591 2947 primos.
635 2862 697 2926 hoo
720 2865 769 2926 est
789 2863 904 2946 igitur,
934 2861 1067 2925 horest

98 2947 183 3029 qnod
213 2946 341 3029 penitus
374 2947 446 3011 illos
480 2947 589 3010 animo
618 2946 763 3012 Caesaris
796 2946 981 3010 insinuauit.
1026 2967 1068 3008 an

97 3051 214 3114 parum
243 3052 337 3114 saepe
366 3031 490 3115 experti
518 3053 626 3095 sumus
653 3030 737 3094 hane
766 3051 834 3093 esse
862 3052 968 3093 rerum
994 3049 1067 3091 con-

169 3238 199 3285 11
219 3236 407 3287 necessitasc
435 3233 446 3301 ΙΙ
476 3237 508 3286 16
525 3235 629 3285 nullam
646 3236 765 3299 requiem
782 3235 814 3283 W
844 3234 848 3297 Ι
874 3229 1067 3295 gratulationis

97 3304 117 3351 0
147 3300 158 3368 ΙΙ
188 3305 288 3354 littus
305 3305 337 3353 W
367 3301 377 3368 ll
408 3306 440 3353 21
459 3307 566 3354 etcum
584 3302 654 3368 plur.
674 3307 736 3351 tert.
754 3301 914 3352 consulatus
934 3315 979 3348 om.
997 3299 1030 3347 W
1053 3296 1065 3364 li

96 3373 133 3422 30
152 3385 285 3436 quemque
303 3373 349 3421 W:
368 3385 447 3435 quem
464 3372 484 3420 B
503 3371 561 3419 (tv
587 3373 592 3432 1
618 3367 795 3434 perficeretc
825 3366 835 3433 ΙΙ
864 3371 894 3418 31
915 3373 942 3417 et
961 3365 1068 3430 quidem

94 3438 245 3489 Liuineius:
263 3438 387 3503 equidem
404 3440 431 3487 Μ
451 3436 461 3504 ΙΙ
486 3441 519 3490 33
537 3437 640 3502 experti
658 3452 749 3488 sumus
769 3439 786 3484 0
805 3450 843 3484 w:
863 3435 1068 3499 expertissimus

96 3506 121 3553 v
139 3505 339 3571 expertissimis
356 3507 376 3555 B
