2406 4012
268 211 499 265 CONSTANTIO
518 213 672 266 CAESARI
689 214 724 270 D.
747 218 822 269 1-3.
970 217 1030 282 133

60 363 247 427 restitutae:
270 360 385 425 haereo
405 382 536 445 prorsus
559 367 591 426 et
612 366 724 447 stupeo
747 366 779 429 et
793 368 922 448 praeter
941 366 1031 431 illam

61 470 100 512 ex
124 446 189 510 otio
218 465 289 509 meo
310 445 496 510 tarditatem
518 449 610 510 tanta
630 469 737 512 rerum
764 450 848 513 mole
871 449 1032 515 deterreor

62 536 96 596 ut
124 530 186 595 hoc
221 550 285 594 uno
318 530 404 593 nitar
430 530 560 594 hortatu
595 532 679 615 quod
707 554 746 596 ex
773 537 1031 618 quantacumque

61 615 185 679 desidia
218 615 364 697 quamuis
400 615 536 679 maxime
571 617 709 680 orationi
738 617 893 701 imparem
916 640 1032 702 parem

59 700 160 780 facis,
190 698 323 781 Caesar,
350 697 489 781 auditor,
517 700 706 782 praesertim
730 723 799 766 curn
824 703 951 767 fauente
974 722 1057 768 nus

60 784 149 848 mine
171 786 227 845 tuo
249 784 318 866 ipse
340 782 394 845 ille
422 783 631 866 iampridem
653 786 746 864 mihi,
778 788 832 869 qui
855 809 905 852 me
927 789 962 852 in
982 789 1031 853 lu-

61 890 132 933 cem
166 866 289 950 primus
325 866 448 946 eduxit,
487 866 666 931 diuinarum
699 870 801 951 patris
830 872 878 934 tui
907 874 1032 936 aurium

60 952 169 1016 aditus
198 950 349 1015 euenerit.
394 971 456 1034 quo
479 951 606 1015 facilius
630 953 808 1017 maiestatis
829 958 905 1019 tuae
927 977 1031 1021 reeor-

60 1037 191 1100 datione
220 1034 359 1098 confisus
387 1055 519 1117 possum
545 1036 603 1100 illa
632 1057 712 1119 quae
737 1039 815 1102 tunc
844 1039 929 1103 dicta
956 1044 1032 1103 sunt

59 1119 237 1205 praeterire
259 1121 354 1201 atque
376 1117 462 1182 hunc
485 1141 664 1184 sermonem
687 1121 728 1184 ab
747 1121 797 1185 his
820 1144 899 1206 quae
922 1127 1071 1190 secutam

59 1206 139 1269 sunt
160 1201 321 1266 inchoare.

125 1287 169 1352 ΙΙ.
213 1285 411 1370 Quamquam
439 1287 539 1350 multa
567 1287 646 1352 mihi
674 1311 712 1354 ex
734 1290 798 1355 illis
821 1313 946 1376 quoque
968 1292 1031 1357 hoc

58 1373 96 1436 in
109 1374 177 1435 tem
221 1392 255 1435 re
275 1371 455 1435 necessario
471 1373 668 1437 transeunda
682 1378 758 1438 sunt
774 1397 811 1439 ac
827 1377 1031 1460 potissimum

61 1478 100 1521 ea
121 1455 177 1539 qui
201 1477 237 1518 us
260 1454 366 1519 officio
389 1455 488 1519 delati
509 1456 588 1520 mihi
611 1479 630 1520 a
652 1458 820 1523 diuinitate
846 1465 953 1525 uestra
973 1461 1031 1525 ho-

58 1540 150 1606 noris
172 1539 313 1623 interfui,
338 1545 450 1623 captus
472 1540 594 1604 scilicet
616 1563 672 1606 rex
689 1543 904 1608 ferocissimae
925 1546 1069 1609 natio-15

59 1626 113 1689 nis
139 1624 225 1689 inter
246 1624 333 1708 ipsas
361 1645 439 1707 quas
464 1624 655 1688 moliebatur
676 1625 810 1689 insidias
837 1632 869 1691 et
891 1650 909 1690 a
930 1631 1031 1712 ponte

59 1708 168 1773 Rheni
196 1729 295 1792 usque
323 1707 363 1771 ad
386 1707 526 1772 Danuuii
548 1711 721 1774 transitum
744 1709 955 1775 Guntien'sem
978 1712 1030 1775 de-

59 1796 135 1859 usta
170 1795 264 1876 atque
298 1791 452 1856 exhausta
479 1792 607 1875 penitus
633 1793 849 1859 Alamannia:
892 1818 968 1859 narn
998 1800 1032 1860 et

60 1878 184 1944 maiora
206 1880 282 1941 sunt
308 1897 403 1960 quam
425 1880 462 1940 ut
484 1877 626 1941 enarrari
650 1878 735 1942 inter
756 1878 819 1942 alia
840 1880 966 1964 possint
988 1884 1030 1966 et,

59 1982 103 2027 ne
130 1961 210 2025 meis
237 1981 361 2045 quoque
392 1961 559 2045 stipendiis
590 1962 699 2028 uidear
725 1963 874 2048 gloriari,
908 1965 1068 2031 sufficitur

60 2044 277 2111 conscientiae
292 2066 381 2109 meae
396 2046 453 2109 illa
468 2045 595 2114 uidisse.
622 2047 675 2112 det
690 2048 789 2132 igitur
803 2050 891 2134 mihi,
913 2049 1030 2116 Caesar

60 2131 193 2213 inuicte,
215 2129 387 2194 hodiernae
402 2131 630 2214 gratulationis
650 2132 814 2197 exordium
830 2135 959 2199 diuinus
973 2136 1029 2199 ille

58 2218 186 2279 uestrae
218 2214 395 2278 maiestatis
430 2218 517 2278 ortus
550 2216 620 2299 ipso
653 2238 716 2300 quo
747 2216 854 2281 illuxit
887 2219 1028 2301 auspicio

59 2299 146 2365 ueris
160 2299 325 2381 illustrior,
350 2299 401 2363 cui
416 2298 483 2362 dies
504 2321 634 2364 serenus
649 2304 755 2384 atque,
779 2304 815 2364 ut
831 2301 1028 2366 celebrantes

60 2383 235 2466 sensimus,
265 2383 350 2447 ultra
375 2383 533 2447 rationem
559 2385 714 2467 temporis
743 2384 791 2446 sol
813 2384 954 2448 aestiuus
979 2386 1027 2448 in·
1040 2402 1066 2443 as

60 2468 170 2551 caluit,
194 2468 378 2550 augustiore
393 2467 522 2551 fulgens
537 2468 667 2531 laminis
683 2467 828 2532 claritate
844 2489 940 2552 quam
956 2490 1028 2533 cum

59 2552 218 2638 originem
245 2552 356 2616 mundi
381 2553 543 2616 nascentis
571 2552 742 2636 animauit,
772 2552 926 2639 siquidem
949 2555 1028 2617 tunc

58 2638 147 2703 inter
166 2636 223 2700 illa
245 2658 352 2701 rerum
373 2639 485 2700 tenera
505 2636 680 2721 primordia
706 2637 891 2702 moderatus
913 2637 1029 2703 dicitur

58 2743 104 2786 ne
124 2725 255 2786 noceret
272 2720 445 2803 ardentior,
468 2743 554 2787 nunc
577 2726 713 2786 certasse
736 2722 877 2789 creditur
898 2746 939 2789 ne
961 2746 1028 2788 ma·

59 2808 175 2871 iestate
196 2808 305 2870 uestra
326 2806 488 2870 uideretur
509 2806 679 2871 obscurior.
1039 2826 1065 2866 eo

125 2888 184 2954 111.
212 2888 239 2955 Ο
262 2890 339 2954 felix
353 2890 543 2974 beatumque
565 2913 622 2955 uer
642 2913 728 2956 nouo
745 2896 851 2976 partu,
874 2893 937 2958 iam
959 2913 1028 2956 non

59 2974 258 3039 amoenitate
272 2975 386 3040 florum
400 2996 461 3039 nec
476 2976 638 3041 uiriditate
656 2981 803 3061 segetum
817 2998 878 3041 nec
892 2977 1027 3061 gemmis

130 3200 146 3248 2
159 3197 302 3249 deterreor
313 3198 336 3247 A
346 3198 391 3247 W:
411 3197 521 3248 deteror
532 3199 552 3246 B
564 3201 581 3247 0
591 3199 613 3245 V
625 3195 635 3263 ΙΙ
647 3201 663 3249 3
681 3195 723 3263 ut]
743 3198 797 3247 nisi
808 3200 866 3248 edd.
880 3195 890 3262 ΙΙ
902 3199 919 3246 4
937 3212 1028 3261 quem·

57 3266 104 3316 uis
123 3278 148 3313 v
174 3263 180 3330 Ι
205 3266 339 3331 imparem
357 3280 451 3331 parem
470 3265 541 3315 facis
560 3266 705 3316 Liuineius:
729 3267 861 3331 imparem
880 3264 949 3315 facit
965 3266 992 3312 n
1013 3262 1025 3323 'l

58 3336 75 3384 7
95 3332 298 3384 dinioiarnmh
317 3332 477 3383 dinitiarum
495 3335 514 3382 0
530 3329 540 3397 ΙΙ
561 3336 576 3383 9
594 3334 696 3398 possim
713 3335 753 3397 Η,
771 3350 840 3386 corr.
860 3333 993 3382 Acidaliae
1013 3310 1025 3396 il

60 3402 93 3452 17
114 3401 294 3452 Guntiensem
306 3400 456 3451 Rhenanus:
476 3400 645 3451 contiensem
661 3402 688 3449 Η
701 3401 776 3453 Bari.
792 3401 797 3465 Ι
813 3401 930 3452 deuasta
947 3402 966 3449 0
983 3400 1027 3450 de·

59 3472 174 3519 uastata
191 3471 249 3520 edd.
262 3465 273 3532 ΙΙ
287 3470 319 3519 18
337 3466 477 3517 alamania
489 3468 509 3515 B
522 3469 540 3515 o
557 3467 697 3519 Mamania
709 3469 733 3516 V
744 3466 755 3534 [1
767 3471 798 3519 21
819 3468 866 3520 det
879 3469 1027 3519 Arescusa:

58 3536 92 3585 de
111 3540 139 3588 te
156 3536 184 3585 ΙΙ
200 3533 211 3602 11
227 3538 261 3588 29
279 3534 403 3586 creditur
420 3537 443 3583 Δ
455 3535 488 3584 W
498 3534 586 3585 Bert:
606 3536 705 3586 dicitnr
722 3537 743 3585 Ι
761 3537 778 3584 0
796 3538 820 3585 V
