2406 4012
131 169 194 234 312
457 170 519 219 xri.
549 167 678 219 PACATI
697 169 776 218 Plu.

195 319 295 384 XLV.
343 319 487 383 Pertinet
509 318 548 381 ad
571 317 773 381 securitatem
797 316 938 379 omnium
962 316 1104 380 saeculo-

132 425 204 468 rum
219 403 304 487 quod
327 403 510 467 estfactum
529 401 639 485 uideri,
662 404 708 481 ut,
732 400 759 464 si
779 401 850 483 quis
872 421 1025 483 umquam
1047 422 1105 465 ne-

131 489 215 552 faria
242 493 319 552 uota
346 486 543 569 conceperit,
577 485 784 549 monimentis
811 487 994 549 nostrorum
1022 489 1105 549 tem-

132 594 245 656 porum
280 571 446 636 recensitis
479 591 536 654 per
567 570 675 633 oculos
707 569 836 632 hauriat
868 569 1103 634 innocentiam.

107 657 273 740 aquisquis
300 677 440 739 purpura
466 654 655 743 quandoque
683 652 785 738 regali
811 654 928 716 uestire
951 653 1106 719 humeros

134 741 306 825 cogitabit:
347 739 507 803 Maximus
541 738 570 802 ei
601 741 713 802 exutus
748 740 906 802 occurrat.
957 738 1105 822 quisquis

133 846 245 889 aurum
273 845 476 908 gemmasque
498 823 632 906 priuatis
658 821 792 906 pedibus
819 821 961 904 optabit:
999 821 1105 885 Maxi-

132 930 202 972 mus
231 909 260 972 ei
287 909 407 992 plantis
433 907 527 971 nudis
555 909 717 991 appareat.
762 906 905 990 quisquis
935 906 978 968 im
1006 925 1106 969 onere

134 993 232 1077 capiti
248 993 393 1058 diadema
407 991 628 1055 meditabitur:
648 990 795 1054 auulsum
810 988 952 1053 humeris
1004 991 1105 1053 animi

95 1099 120 1138 ιο
135 1082 231 1161 caput
258 1080 291 1141 et
313 1078 382 1140 sine
408 1075 538 1140 nomine
567 1095 682 1158 corpus
704 1074 848 1158 aspiciat.
894 1074 1013 1138 scimus
1036 1076 1106 1157 qui-

133 1162 205 1224 dem
219 1161 300 1224 nihil
315 1182 466 1245 umquam
481 1160 674 1243 nouandum,
692 1179 763 1223 cum
778 1157 957 1222 Romanum
975 1180 1107 1242 semper

132 1246 304 1327 imperium
328 1247 384 1308 aut
397 1246 488 1307 tunm
502 1243 645 1307 futurum
661 1243 704 1307 sit
724 1246 780 1307 aut
792 1246 936 1307 tuorum:
959 1244 1107 1326 pertinet

133 1332 243 1392 tamen
273 1327 313 1391 ad
340 1329 516 1412 genuinam
542 1328 589 1391 rei
610 1327 757 1412 publicae
784 1327 987 1391 securitatem
1017 1329 1106 1411 quod

133 1412 203 1475 fieri
230 1433 296 1476 non
323 1414 430 1495 potest
458 1411 554 1475 etiam
586 1431 653 1476 non
680 1412 795 1476 timeri.
846 1411 900 1475 sed
928 1415 1107 1495 utcumque

97 1515 121 1556 15
134 1496 261 1560 uirtutis
282 1499 357 1560 tuae
384 1517 482 1580 opera
510 1496 652 1560 curiosae
675 1496 873 1579 posteritatis
899 1496 1000 1560 oculis
1028 1498 1106 1560 arti-

133 1580 228 1645 ficum
257 1602 370 1645 manus
398 1580 524 1664 reddet,
556 1601 628 1644 cum
648 1583 680 1643 te
707 1580 757 1643 uel
781 1580 914 1662 Alpium
937 1579 1031 1644 dorsa
1052 1602 1107 1644 su-

133 1668 300 1812 perantem
322 1665 373 1729 uel
387 1665 518 1730 flumina
540 1665 666 1729 obiecta
680 1667 899 1745 tranctantem
917 1664 970 1728 uel
984 1686 1106 1749 agmen

157 1749 249 1814 ostile
275 1750 521 1834 triumphalibus
550 1749 695 1831 uestigiis
724 1750 913 1812 atterentem
942 1749 1106 1831 pictorum

135 1836 231 1916 atque
257 1834 404 1899 fictorum
432 1837 617 1918 assequetur
643 1832 797 1897 imitatio:
834 1833 1005 1897 clementia
1032 1837 1104 1916 tua,

96 1936 122 1977 ro
135 1917 320 2000 imperator,
339 1939 401 2000 quo
417 1918 515 2000 caelo,
539 1939 600 2001 quo
615 1917 792 2003 pigmento,
815 1938 878 2000 quo
893 1938 966 1982 aere
982 1940 1107 1983 auroue

135 1999 291 2063 ducetur?
328 2022 391 2083 qua
412 2005 448 2064 tu
469 2002 569 2084 ipsius
596 2003 750 2066 uictoriae
771 2002 874 2066 uictor
902 2001 948 2065 ita
973 2023 1107 2068 omnem

134 2105 206 2148 cum
234 2084 331 2147 armis
359 2085 439 2148 iram
467 2084 642 2169 deposuisti
668 2090 705 2150 ut
733 2085 882 2150 ceciderit
908 2107 1006 2151 nemo
1029 2092 1107 2170 post

134 2166 269 2252 bellurn,
292 2171 377 2233 certe
398 2189 493 2234 nemo
515 2173 590 2252 post
610 2169 797 2234 Maximum.
842 2171 953 2253 paucis
976 2171 1106 2236 Mauro·

134 2274 205 2316 rum
233 2253 388 2338 hostium,
425 2275 504 2339 quos
536 2276 644 2319 secum
678 2255 766 2319 uelut
794 2275 910 2339 agmen
938 2254 1107 2320 infernum

96 2353 122 2395 25
135 2337 306 2403 morituros
337 2338 526 2423 incluserat,
561 2343 594 2404 et
621 2339 742 2404 duobus
776 2361 819 2403 an
851 2338 954 2402 tribus
986 2339 1106 2404 furiosi

135 2420 322 2505 gladiatoris
344 2423 470 2488 lanistis
492 2425 526 2488 in
543 2423 620 2488 belli
642 2424 803 2506 piaculum
826 2423 938 2504 caesis,
961 2423 1108 2508 reliquos

136 2507 240 2570 omnis
268 2510 362 2571 uenia
384 2509 548 2592 complexa
574 2506 665 2571 uelut
686 2509 825 2591 quodam
852 2510 999 2572 materno
1028 2509 1104 2572 sinn

136 2589 259 2654 clausit.
304 2593 423 2656 nullius
446 2593 531 2656 bona
552 2592 731 2690 publicata,
760 2592 879 2655 nullius
907 2592 1043 2657 multata
1064 2593 1105 2657 li·

134 2672 258 2755 bertas,
285 2676 404 2740 nullius
426 2680 598 2759 praeterita
620 2676 761 2761 dignitas
783 2676 962 2741 imminuta.
1006 2698 1106 2742 nemo

96 2774 122 2816 so
136 2756 269 2821 effectus
284 2762 371 2840 nota,
392 2780 486 2823 nemo
503 2760 648 2825 conuicio
668 2763 723 2824 aut
737 2760 873 2844 denique
889 2760 1104 2844 castigatione

158 2841 324 2906 erstrictus
358 2842 484 2926 culpam
515 2844 630 2928 capitis
661 2844 785 2908 aurium
814 2844 919 2908 saltim
953 2846 1105 2910 molestia

134 2864 205 2992 luit.
258 2927 365 2992 cuncti
398 2927 543 2992 domibus
578 2929 659 3012 suis,
699 2928 806 2993 cuncti
840 2928 1032 3012 coniugibus
1065 2950 1104 2994 ac

202 3151 379 3201 trecensetis
391 3151 445 3199 AV
461 3148 471 3216 ΙΙ
488 3153 504 3200 6
518 3150 696 3214 cogitabatd
713 3149 723 3215 ΙΙ
740 3153 756 3203 8
772 3150 852 3201 nudis
863 3150 955 3200 'Baras
974 3151 1064 3202 nudus
1076 3153 1104 3200 1

134 3212 144 3280 ΙΙ
171 3219 202 3267 13
219 3218 357 3282 geminam
374 3218 409 3283 u,
428 3221 535 3270 correxi
557 3216 567 3283 ΙΙ
592 3220 624 3267 14
642 3222 671 3268 et
688 3219 744 3268 iam
760 3215 802 3281 ΔΙ
822 3222 970 3283 utcumque
987 3217 1010 3266 B
1028 3220 1047 3267 0
1065 3232 1104 3267 w:

134 3286 280 3349 utrumque
298 3285 320 3333 Δ
332 3286 354 3334 V
371 3291 402 3335 ut
421 3286 519 3350 cuique
530 3285 604 3336 Bert.
621 3284 631 3351 ΙΙ
649 3286 680 3335 15
699 3301 812 3348 operam
823 3288 851 3333 lt
867 3283 877 3350 Ι]
895 3288 925 3338 17
945 3293 1105 3337 tranantem

136 3350 198 3398 (tw
214 3348 225 3416 ΙΙ
247 3354 279 3402 19
296 3356 346 3402 tua
364 3353 427 3419 imp.
444 3354 537 3404 Bert:
555 3354 621 3419 imp.
640 3358 688 3403 tna
705 3350 808 3417 11126
826 3355 974 3404 moriturus
991 3354 1028 3416 1,
1046 3369 1104 3404 cor-

135 3419 196 3466 rexi
210 3414 215 3483 Ι
230 3433 266 3467 an
282 3421 369 3471 tribus
388 3436 449 3485 epo:
468 3420 629 3472 autribusd
648 3424 695 3470 aut
707 3420 794 3470 tribus
805 3420 826 3469 B
836 3422 853 3468 0
863 3421 938 3483 vm
957 3422 991 3484 cf.
1002 3438 1030 3486 p.
1042 3424 1103 3480 2⁶4,

136 3485 169 3531 14
193 3482 202 3547 l
226 3487 259 3536 27
277 3500 372 3538 omnes
389 3501 414 3536 w
