2406 4012
130 186 191 249 124
417 189 463 239 1v.
493 185 652 239 numeru
669 184 805 238 annuc

128 359 188 401 usu
216 340 312 420 atque
340 336 445 400 officio
474 334 644 399 instaurari
672 355 752 419 opus
777 332 856 397 illud
884 331 1001 398 studiis
1028 333 1087 416 qui-
1120 334 1125 379 ἶ

129 423 188 485 bus
217 421 331 505 optimi
353 420 513 504 principes
540 419 678 482 maxime
698 418 812 483 fauent
833 415 1034 501 dedicatum,
1058 416 1090 481 in

129 505 201 589 ipsa
230 505 368 570 ciuitatis
395 503 501 566 fronte
529 504 686 587 positum,
724 500 940 567 celeberrimis
967 500 1090 585 templis

130 591 289 672 utrimque
312 588 529 651 coniunctum,

105 691 118 730 5
195 672 251 737 XI.
278 671 385 754 Nunc,
409 674 494 755 quod
509 672 544 735 in
560 669 735 736 secundum
752 670 952 755 eundemque
965 688 1092 755 prooem
1134 742 1137 755 Ι

131 758 235 820 locum
251 755 370 834 distuli,
394 756 660 839 quemadmodum
681 754 714 818 id
732 755 801 818 sine
823 756 956 837 sumptu
969 753 1092 839 publico
1130 801 1137 842 ,

132 844 165 905 et
193 861 265 905 oum
294 840 388 905 laude
415 861 523 905 sacrae
552 840 600 903 lar
624 839 733 905 itionis
760 838 830 903 fieri
858 839 964 922 possit
993 842 1092 903 osten·
1135 860 1137 875 ¹

132 925 214 989 dam.
259 925 409 990 salarium
437 946 487 988 mc
508 862 725 989 libcrsdissimi
752 922 915 1008 principes
942 944 984 987 ex
1006 923 1094 987 huius

132 1009 177 1074 rei
206 1009 353 1094 publicae
385 1009 507 1073 uiribus
534 1009 570 1073 in
597 1009 742 1073 sexcenis
774 1008 903 1071 milibus
930 1028 1095 1073 nummum
1133 1024 1137 1033 ·

95 1112 120 1151 10
133 1094 276 1177 accipere
304 1095 479 1177 iusserunt,
510 1115 577 1158 non
605 1092 756 1176 quoniam
782 1113 849 1155 non
877 1092 1018 1175 amplius
1043 1091 1095 1155 tri·

133 1178 229 1241 buere
249 1177 423 1242 commodis
441 1178 521 1241 meis
540 1177 672 1258 uellent,
695 1176 730 1240 in
744 1198 839 1260 quem
859 1175 964 1240 multo
979 1176 1097 1240 maiora

133 1264 166 1325 et
187 1261 275 1343 prius
301 1265 334 1326 et
354 1263 466 1344 postea
487 1263 630 1345 praemia
652 1261 856 1325 contulerunt
862 1311 871 1344 ,
901 1259 956 1324 sed
980 1264 1019 1325 ut
1037 1262 1095 1325 tre·

134 1365 213 1408 cena
239 1345 296 1408 illa
322 1346 483 1428 sestertia,
512 1367 592 1430 quae
616 1366 726 1410 sacrae
753 1344 925 1409 memoriae
946 1345 1097 1431 magister

134 1450 329 1527 acceperam,
351 1430 386 1493 in
402 1429 524 1494 honore
539 1431 657 1514 priuati
671 1430 766 1494 huius
787 1427 971 1527 magisterii
994 1429 1098 1493 addita

96 1512 1099 1683 ³⁵trististristis„ittittitut’stitit

134 1684 257 1748 ratione
272 1685 445 1768 perscribo,
469 1684 525 1749 sed
541 1705 715 1768 expensum
737 1683 855 1747 referre
869 1682 996 1766 patriae
1014 1702 1099 1746 meae

136 1769 229 1851 cupio
258 1772 290 1832 et
312 1768 352 1832 ad
373 1769 608 1833 restitutionem
634 1769 727 1832 huius
750 1767 870 1850 operis,
899 1766 1007 1850 quoad
1027 1786 1099 1831 usus

135 1852 329 1933 poposcerit,
362 1851 531 1916 destinare.
577 1853 665 1917 cuius
692 1851 867 1915 uoluntatis
897 1872 991 1915 meae
1020 1850 1099 1914 ratio

97 1950 122 1988 20
136 1934 196 1996 etsi
218 1934 388 1998 asserenda
409 1956 476 1999 non
498 1938 561 2017 est,
584 1941 693 1999 tamen
715 1936 774 1999 sub
795 1934 856 2000 hac
877 1937 934 1999 tua
954 1934 1101 1999 humani·

135 2018 202 2079 tate
230 2020 262 2081 et
291 2018 565 2083 circumstantium
593 2021 813 2102 expectatione
840 2040 903 2102 qua
924 2041 976 2083 me
1000 2017 1100 2083 audiri

137 2100 238 2164 sentio
262 2102 463 2184 aliquatenus
486 2103 705 2188 persequenda
727 2108 786 2168 cst.

200 2183 273 2250 XII.
323 2185 407 2251 Nam
435 2188 573 2270 primum
600 2189 744 2252 omnium
771 2189 807 2253 in
828 2188 890 2252 hoc
913 2208 974 2272 ego
1002 2186 1100 2251 maxi-

136 2290 206 2335 mos
234 2293 301 2335 esse
328 2271 452 2336 fructus
480 2274 693 2357 praemiorum
714 2277 791 2354 puto
816 2275 853 2336 ut
875 2271 966 2357 digni
989 2272 1101 2356 quibus

98 2369 123 2410 25
136 2354 320 2421 tribuantur
346 2356 535 2442 habeamur,
566 2357 722 2442 siquidem
749 2356 817 2441 ipse
844 2378 920 2422 usus
947 2356 1101 2440 pecuniae

137 2440 229 2505 bonis
251 2443 385 2507 maiisue
407 2444 528 2507 artibus
544 2446 652 2526 partae
667 2443 864 2525 promiscuus
887 2442 920 2504 et
941 2440 1018 2504 uilis
1040 2443 1100 2521 est3

136 2523 278 2591 honestis
307 2548 382 2590 uero
409 2528 588 2592 rationibus
615 2547 708 2611 posse
738 2525 901 2609 acquirere
934 2545 1101 2605 summum,

138 2609 262 2671 etiamsi
278 2613 445 2689 quaestum
466 2612 637 2694 remiseris,
658 2611 782 2674 lucrum
804 2613 862 2674 est.
890 2629 996 2693 neque
1020 2608 1101 2674 enirn

138 2688 237 2770 Syrus
256 2696 415 2755 mercator
433 2697 490 2756 aut
504 2693 652 2757 Deliacos
668 2698 724 2758 aut
737 2694 867 2759 Indicus
887 2693 928 2757 ad
943 2693 1101 2759 uberrima

100 2789 125 2828 ³0
137 2772 200 2836 istu
221 2775 411 2856 compendia
432 2775 536 2840 laudis
558 2778 689 2859 aspirat,
713 2778 768 2842 sed
787 2799 879 2842 rarae
902 2780 1001 2862 atque
1021 2777 1102 2841 inter

138 2856 346 2937 paucissimas
366 2879 442 2942 opes
458 2869 534 2924 sunt
548 2865 717 2926 contentae
735 2862 859 2925 meritis
879 2863 1101 2925 conscientiae.

139 2978 341 2988 -——---—-...

206 3029 222 3078 5
234 3043 345 3091 grauem
358 3047 413 3095 epo,
433 3033 567 3096 potiorem
579 3034 675 3096 Licin„
692 3033 819 3083 ultimum
828 3032 931 3083 Aeidol.
944 3033 1023 3088 cdd-5
1041 3045 1102 3083 eun·

139 3094 253 3161 demque
272 3098 321 3146 del.
332 3097 456 3150 Gruterus
468 3096 478 3164 ΙΙ
491 3101 506 3149 9
523 3114 660 3149 nummum
673 3113 709 3148 w:
728 3101 848 3149 numium
860 3099 941 3147 no
960 3114 1072 3149 numum
1086 3110 1104 3146 ι

139 3164 277 3214 numinum
295 3178 321 3212 m
338 3178 352 3211 r
372 3162 382 3229 ΙΙ
403 3167 435 3215 12
453 3172 563 3217 terrena
581 3168 598 3216 0
619 3165 629 3230 11
652 3170 683 3217 13
702 3168 836 3216 sententia
853 3166 904 3215 BG
917 3166 938 3214 V
959 3164 970 3231 ΙΙ
993 3167 1027 3216 17
1045 3180 1102 3232 per·

139 3232 230 3283 scribo
240 3231 333 3295 eura:
345 3234 484 3296 proscribo
493 3237 521 3283 Ι
531 3234 606 3286 Bert.
620 3233 631 3299 d
643 3236 676 3283 22
689 3250 798 3299 proceq.
808 3236 843 3296 Ι,
856 3230 986 3299 cerreoeifl
999 3236 1035 3284 24
1046 3246 1102 3283 esse

139 3312 177 3347 w:
197 3313 257 3349 sese
277 3301 305 3347 Π
327 3298 331 3362 Ι
355 3304 422 3364 puto
440 3317 486 3352 om.
504 3304 544 3365 Π,
565 3318 616 3368 ego
636 3301 754 3352 arbitror
771 3302 902 3353 maximos
920 3314 946 3349 v
969 3299 981 3366 {i
1005 3302 1040 3353 25
1057 3299 1102 3351 tri·

138 3365 227 3415 buant
239 3367 271 3414 W
289 3368 446 3418 tribunitur
463 3376 592 3433 eaepanetc
610 3369 782 3419 tribuaturd
802 3367 806 3434 Ι
825 3368 984 3419 habeantur
1000 3382 1025 3417 v
1042 3366 1053 3434 fl
1072 3368 1102 3417 si

139 3431 306 3482 honestis—
319 3437 351 3485 28
369 3434 475 3484 lucrum
493 3443 535 3488 est
553 3454 599 3489 om.
611 3436 645 3484 W
661 3434 670 3499 ΙΙ
687 3438 720 3485 29
738 3435 864 3487 deliacos
878 3437 900 3485 Δ
913 3435 959 3485 W:
977 3435 1103 3486 delicitua

139 3498 160 3545 B
178 3498 195 3545 0
213 3499 234 3546 V
256 3497 265 3563 ΙΙ
289 3504 320 3550 31
340 3503 521 3567 paucissimos
538 3507 578 3567 113
598 3521 632 3555 an
649 3504 896 3569 paucissimorum?
