2406 4012
196 220 259 283 212
297 222 346 273 ΙΧ.
365 221 519 273 monam
530 219 612 272 ΡΑΝ.
624 219 923 275 consuamus.
935 220 976 275 D.
987 222 1103 273 25-26.
1176 246 1181 261 ,

197 374 329 436 senatus
358 372 486 456 signum
507 370 559 433 dei
585 372 619 432 et
639 370 748 466 paulo·
764 372 839 433 ante
860 369 961 435 Italia
986 374 1118 437 scutum
1139 372 1181 437 et·

198 477 363 539 coronam,
392 458 508 520 cuneta
535 474 648 534 aurea,
678 453 866 518 dedrearunt
890 457 929 517 ut
952 456 1183 554 eonscientiae·

197 540 339 605 debitum
366 540 472 686 anina
499 561 538 602 ex
565 542 657 621 parte
686 538 876 603 releuarent.
920 538 1064 605 debetur
1088 562 1165 605 omn

197 625 245 709 (et
267 645 392 707 semper
435 622 593 706 ebebitur)
623 625 657 686 et
678 623 843 687 diuinitati
869 622 1082 689 simulacrum
1104 626 1163 708 [au-

172 711 302 790 sreum]
327 711 360 772 et
380 708 493 771 uirtuti
515 710 640 771 scutum
663 711 696 771 et
718 728 837 773 corona
858 707 982 791 pietati
1182 770 1187 777 .

260 791 380 857 XXVI.
411 792 626 868 Quamobrem
640 794 683 875 te,
704 814 827 857 summe
841 814 949 857 rerum
964 796 1064 878 sator,
1084 794 1162 859 euin
1178 836 1181 841 -

196 879 248 940 tot
268 877 400 941 nomina
427 881 503 940 sunt
524 880 602 960 quot
623 877 771 960 gentium
791 877 921 962 linguas
945 899 1016 943 esse
1042 876 1162 943 uoluisti

198 960 307 1046 (quem
330 963 415 1027 enim
436 968 470 1026 te
491 963 560 1045 ipse
583 961 646 1024 dici
666 961 758 1044 uelis,
782 962 864 1026 seire
885 983 955 1027 non
976 964 1161 1047 possumus),

197 1048 265 1110 siue
287 1049 355 1110 tute
378 1046 534 1130 quaedam
555 1047 604 1109 uis
625 1067 781 1129 mensque
803 1046 915 1110 diuina
938 1067 984 1130 ee,
1006 1050 1162 1131 quaetoto

159 1150 184 1189 ιο
198 1130 306 1194 infusa
333 1131 453 1196 mundo
482 1131 629 1194 omnibus
658 1130 821 1195 miscearis
848 1131 1019 1195 elementis
1048 1135 1082 1196 et
1101 1132 1161 1197 eine

198 1214 265 1277 ullo
298 1215 497 1279 extrinsecus
531 1216 700 1280 aeeedente
729 1215 852 1299 uigoris
885 1215 1031 1299 impulsu
1055 1236 1112 1301 per
1132 1218 1174 1279 te-

197 1298 268 1380 ipsa
295 1300 468 1381 moneariS,
503 1300 569 1363 siue
597 1300 704 1383 aliqua
731 1321 827 1382 supra
848 1321 945 1365 omne
969 1300 1096 1365 eaelum
1113 1307 1186 1385 po?

197 1384 298 1445 testas
327 1404 361 1446 es
394 1405 475 1465 quae
503 1383 564 1447 hoe
597 1405 676 1467 opus
702 1387 794 1447 tuum
828 1405 867 1448 ex
892 1384 1009 1449 altiore
1037 1388 1183 1449 naturae'

199 1487 272 1530 aree
295 1466 468 1550 despicias:
490 1470 533 1550 te,
557 1469 697 1552 inquam,
720 1490 848 1532 oramus
870 1472 904 1532 et
918 1490 1112 1552 quaesumus
1129 1470 1160 1533 ut

132 1546 139 1557 ⁴
161 1568 186 1608 15
198 1549 284 1614 hune
305 1552 341 1615 in
362 1553 470 1616 omnia
492 1553 618 1616 saecula
634 1554 815 1636 principem
836 1574 955 1617 serues.
984 1574 1100 1637 parum
1118 1552 1160 1617 ret

199 1636 285 1700 enim
312 1640 555 1719 optaretantae
583 1638 696 1702 uirtuti
721 1640 892 1721 tantaeque
914 1640 1049 1722 pietati,
1077 1640 1183 1723 quem'

198 1720 423 1805 longissimum
445 1721 543 1785 habet
558 1721 637 1803 uita,
681 1742 852 1787 roeessum.
880 1725 914 1785 et
935 1725 1024 1787 eerte
1046 1740 1159 1787 summ

197 1805 234 1867 in
262 1810 294 1868 te
316 1806 443 1869 bonitas
471 1808 520 1869 est
549 1743 691 1952 [pietasb
720 1809 752 1868 et
773 1806 845 1869 ideo
872 1828 955 1890 quae
982 1808 1071 1872 iusta
1094 1806 1159 1903 sunt

197 1887 280 1951 uelle
309 1888 405 1953 debes
412 1938 421 1971 ,
457 1910 519 1953 nee
551 1889 712 1954 anuendi
745 1893 795 1953 est
824 1911 920 1955 eausa
951 1912 1026 1957 eum
1056 1910 1156 1976 posue·
1178 1922 1189 1945 -·

159 1989 186 2028 ao
199 1990 274 2032 nam
297 1973 323 2033 si
347 1975 395 2035 est
414 1972 536 2056 aliquid
551 1975 635 2054 quod
657 1997 677 2037 a
690 1976 724 2038 te
738 1974 821 2038 bene
842 1974 968 2040 meritis
983 1977 1157 2061 denegetur,

197 2052 278 2116 haut
304 2058 448 2138 potestas
479 2058 631 2140 cessauit,
669 2061 703 2123 at
730 2058 869 2128 bonitas.
911 2059 966 2124 fae
994 2061 1094 2145 igitur
1116 2060 1155 2141 ut,

196 2138 283 2222 quod
309 2139 466 2223 optimum
494 2140 636 2205 humano
670 2142 781 2228 generi
810 2143 943 2226 dedisti,
982 2144 1155 2228 permanent
1172 2164 1184 2225 ,ξ

197 2225 234 2288 in
256 2227 422 2288 aeternum
445 2246 619 2309 omnesque
641 2225 874 2292 Constantinus
897 2228 932 2292 in
953 2231 1052 2293 terris
1072 2226 1154 2313 dego

198 2312 331 2374 aetates.
377 2310 523 2393 quamuis
546 2312 646 2390 enim,
675 2313 850 2395 imperator
870 2313 1010 2397 inuicte,
1039 2313 1102 2377 iam
1118 2308 1177 2381 (Η-Ι

159 2409 186 2450 ²⁵
198 2394 275 2459 uina
297 2395 422 2459 soboles
444 2399 501 2460 tua
522 2395 563 2459 ad
584 2397 631 2460 rei
652 2396 798 2479 publicae
826 2399 904 2461 uota
925 2393 1152 2462 suceesseritet
1180 2430 1183 2435 ·

198 2478 303 2544 adhue
331 2483 476 2563 speretur
504 2480 615 2545 futura
642 2481 857 2563 numerosior,
888 2480 946 2545 illa
973 2485 1083 2547 tamen
1106 2476 1152 2543 erit

197 2585 272 2626 uere
294 2564 390 2627 beata
416 2565 588 2646 posteritas
616 2566 683 2648 oui,
714 2587 786 2630 oum
813 2565 931 2630 liberos
953 2568 1030 2631 tuos
1057 2564 1151 2653 guber

197 2646 442 2789 naoulistoorbis
472 2647 669 2733 admoueris,
703 2653 739 2713 tu
767 2650 810 2714 sis
839 2651 986 2715 omnium
1013 2649 1151 2717 maximffl

197 2748 320 2809 rmpera
353 2748 379 2790 r.

199 2856 405 2864 α-.--..--

267 2917 280 2963 1
301 2914 346 2965 dei
364 2917 438 2966 edd„-
456 2917 507 2968 dee
519 2919 547 2966 Η
564 2918 632 2969 deus
644 2919 719 2970 Bert.
733 2919 771 2986 1Ιῖ
788 2924 870 2972 malim
887 2925 916 2971 et
933 2937 1066 2973 eoronam
1082 2920 1154 2971 nom
1188 2956 1192 2966 ι

199 2980 212 3048 ΙΙ
240 2984 383 3048 4semper
400 3000 461 3050 epo:
479 3001 565 3051 saepe
583 2988 611 3034 Π
631 2985 635 3053 Ι
657 2987 805 3040 debebitur
824 2990 962 3041 Gratum:
979 2978 1153 3047 debeturll
1192 3036 1198 3048 ,

199 3065 310 3101 aureum
327 3055 420 3102 seclusi
442 3050 452 3118 ΙΙ
481 3056 576 3104 9tute
595 3071 656 3120 epo.-
675 3056 704 3104 in
722 3061 750 3105 te
768 3058 796 3104 1
819 3054 823 3117 Ι
848 3072 878 3107 es
896 3073 958 3122 epo:
977 3062 1021 3107 est
1037 3058 1066 3105 Ι
1087 3054 1094 3117 Ι
1113 3062 1157 3121 qut
1192 3050 1198 3091 ἶ

196 3125 258 3170 toto
276 3119 383 3170 infusus
401 3122 460 3170 edd.
477 3119 488 3185 ΙΙ
509 3125 540 3171 11
560 3122 703 3173 accidente
722 3124 744 3171 A
762 3124 795 3172 W
815 3121 1013 3191 ll.12ipse1,
1030 3114 1151 3185 comati
1194 3126 1198 3151 ³

199 3190 231 3237 13
251 3188 567 3254 esedd.:est11qua
583 3191 606 3238 A
624 3190 656 3238 W
676 3188 686 3254 ss
709 3192 740 3239 16
758 3193 893 3253 aptaret
916 3189 927 3256 ΙΙ
949 3193 982 3243 18
1001 3190 1057 3259 est]
1077 3188 1140 3243 ot!

198 3255 261 3305 bon.
279 3261 306 3303 et
323 3255 416 3319 pietas
434 3260 476 3304 est
493 3270 518 3304 w
539 3258 543 3318 Ι
563 3259 651 3320 pietas
670 3259 719 3308 del.
736 3259 862 3323 Jaeperus
885 3257 896 3325 ΙΙ
925 3262 957 3311 21
976 3260 1048 3310 haut
1064 3258 1160 3377 enims

200 3319 358 3385 autfllat
376 3338 436 3387 epo:
456 3329 504 3373 aut
521 3325 549 3372 Η
571 3323 581 3390 ΙΙ
611 3327 644 3376 23
660 3327 734 3389 priua
751 3326 780 3375 in
798 3327 889 3379 Bertr
906 3343 953 3378 om.
970 3328 999 3375 Ι
1023 3326 1034 3393 fl
1059 3328 1118 3379 ati
1150 3318 1161 3393 ]

198 3388 241 3437 ita
259 3387 410 3454 Jaeperuall
431 3391 464 3439 27
482 3393 526 3440 eui
545 3409 605 3458 epo:
624 3396 655 3442 ut
672 3394 700 3440 1
719 3393 743 3442 si
760 3394 886 3459 Jaeyerus

583 3532 784 3540 ——-—-...-—
