2406 4012
197 232 262 296 300
522 232 584 281 xrr.
614 228 747 280 rasam
767 228 846 278 Pau.

197 382 298 446 hostis
327 382 493 446 audaciam
523 379 738 462 multiplicato
767 382 887 442 terrore
915 377 1108 461 percelleres
1135 382 1167 445 et

198 467 309 551 fugam
333 465 542 530 circumfusus
564 464 712 527 ambires.
758 465 921 545 postremo
945 463 1077 546 populis
1100 464 1166 528 bar·

198 553 345 615 barorum
380 551 560 614 ultroneam
593 549 653 611 tibi
690 569 822 630 operam
854 547 938 610 ferre
975 548 1167 613 uouentibus

200 635 377 699 commilitii
405 655 520 697 munus
549 633 695 716 indulges
725 642 760 695 ut
788 635 820 695 et
849 631 945 694 limiti
969 653 1090 697 manus
1118 655 1167 697 su·

173 723 309 867 5dpecba
331 719 496 865 deceqlepet
522 717 670 864 etssmqqiti
693 715 1091 884 aUXffiatgryffiiedmt'p
1110 717 1168 783 hac

212 826 252 867 ua
298 825 408 866 emonr
425 824 475 865 ae
527 823 606 865 eee
641 821 796 865 eomnes
844 822 861 864 c
921 821 991 864 reae
1020 823 1064 865 na
1081 822 1169 866 lones

198 878 299 951 tantis
333 825 531 951 eiaminibds
567 885 769 949 confluebant
801 889 837 948 ut
871 906 966 967 quem
1000 886 1168 953 remiseras

198 973 262 1035 tuis
291 973 434 1036 barbaris
467 971 620 1035 uidereris
655 971 828 1051 imperasse
858 969 1023 1034 dilectum.
1068 992 1088 1034 o
1118 992 1167 1035 res

200 1058 297 1141 digna
319 1057 512 1121 memoratu!
537 1056 605 1118 ibat
620 1054 678 1118 sub
694 1054 827 1117 ducibus
848 1054 1039 1137 uexillisque
1053 1054 1168 1119 Roma·

161 1142 249 1204 renis
272 1141 375 1205 hostis
399 1139 569 1223 aliquando
585 1138 748 1202 Romanus
771 1142 804 1201 et
824 1138 929 1222 signa,
952 1142 1068 1203 eontra
1089 1162 1167 1224 quac

200 1228 344 1307 steterat,
374 1225 562 1307 sequebatur
592 1224 748 1305 urbesque
769 1221 972 1305 Pannoniae,
1002 1229 1084 1306 quas
1110 1224 1168 1289 ini-

198 1309 281 1370 mica
303 1309 421 1371 dudum
435 1307 642 1390 populatione
665 1310 868 1386 uacuauerat‚
891 1307 984 1371 miles
1003 1308 1166 1391 implebat

200 1390 325 1456 Gothus
355 1392 410 1456 ille
439 1394 471 1455 et
492 1391 631 1454 Hunnus
660 1395 692 1454 et
713 1390 858 1455 Halanos
886 1392 1105 1474 respondebat
1131 1393 1167 1457 ad

198 1497 315 1539 nomen
345 1481 377 1540 et
404 1477 584 1539 alternabat
611 1477 761 1539 excubias
790 1479 823 1539 et
847 1478 955 1540 notari
982 1477 1167 1561 infrequens

162 1580 186 1619 15
201 1561 380 1625 uerebatur.
427 1560 532 1624 nullus
561 1561 731 1644 tumultus,
766 1560 856 1623 nulla
887 1561 1048 1645 confusio,
1082 1562 1167 1627 nulla

200 1646 335 1729 direptio
358 1649 394 1709 ut
417 1667 435 1708 a
458 1645 591 1709 barbaro
614 1648 693 1708 erat.
738 1645 829 1727 quin,
853 1645 881 1709 si
903 1646 1034 1728 quando
1056 1646 1166 1711 diffici-

199 1731 260 1793 lior
282 1730 492 1793 frumentaria
513 1751 563 1793 res
585 1728 713 1811 fuisset,
740 1729 882 1812 inopiam
904 1730 1070 1812 patienter
1089 1730 1166 1795 fere·

199 1815 255 1877 bat
278 1818 310 1877 et
331 1837 426 1897 quam
454 1835 586 1878 numero
609 1816 730 1881 artaret
757 1835 920 1877 annonam
946 1816 1167 1898 conparcendo

199 1899 336 1980 laxabat,
357 1920 417 1980 pro
433 1900 521 1962 omni
536 1899 678 1979 praemio
696 1899 845 1981 omnique
859 1898 1008 1962 mercede
1023 1901 1057 1963 id
1072 1922 1167 1965 unum

161 2001 186 2039 ao
199 2002 369 2062 reposcens
392 1991 427 2045 ut
446 1986 520 2045 tuus
544 1981 709 2045 diceretur.
738 1985 859 2065 quanta
880 1985 929 2046 est
949 1983 1084 2049 uirtutis
1106 2006 1167 2049 am·

200 2064 294 2128 bitiol
319 2066 497 2148 accipiebas
520 2065 709 2129 beneficium
732 2066 816 2149 quod
838 2067 1027 2149 imputares.

263 2148 415 2213 XXXIII.
470 2150 675 2213 Memorabile
708 2151 837 2233 putauit
873 2152 1052 2235 antiquitas
1086 2152 1166 2237 quod

201 2235 333 2298 Actiaco
356 2234 527 2318 aliquando
543 2234 627 2297 bello
646 2236 778 2298 ducibus
799 2236 999 2319 molibusque
1013 2236 1166 2303 Romanis

200 2320 372 2403 peregrina
386 2321 554 2403 Aegyptus
575 2341 663 2382 arma
680 2320 881 2403 permiscuit3
903 2324 1099 2405 tantumque
1118 2342 1166 2385 res

162 2403 322 2467 recredita
344 2405 533 2468 esthabere
554 2404 708 2468 nouitatis
730 2407 775 2482 ut,
798 2404 861 2467 nisi
883 2404 1073 2488 frequenter
1094 2408 1167 2471 isset

200 2489 234 2550 in
256 2489 394 2572 litteras,
423 2492 502 2572 aput
523 2490 667 2571 posteros
695 2488 858 2552 uideretur
880 2488 958 2552 facti
981 2490 1062 2555 fides
1086 2492 1167 2555 labo-

199 2576 317 2636 ratura.
362 2595 438 2636 nam
461 2573 530 2657 quis
557 2573 720 2636 annalium
749 2574 885 2656 scriptor
912 2576 968 2636 aut
991 2576 1168 2641 carminum

200 2660 271 2718 tuas
293 2657 381 2736 illas,
412 2657 596 2739 Cleopatra,
626 2657 742 2721 classes
770 2660 802 2721 et
824 2658 955 2721 eborata
983 2660 1118 2757 nauigia
1137 2662 1169 2723 et

83 2745 92 2763 ⁸
199 2760 359 2821 purpurea
382 2761 454 2802 cum
477 2742 595 2803 auratis
617 2740 749 2805 funibus
770 2741 842 2805 uela
862 2742 990 2807 tacuit?
1023 2764 1105 2827 quin
1124 2744 1170 2809 ite

268 2946 281 2992 1
301 2941 390 2993 hostis
407 2939 561 3011 audaciam]
581 2945 673 2997 hostes
692 2945 767 2996 Bert.
792 2941 796 3010 Ι
821 2946 989 3011 percelleres
1006 2962 1044 2999 v:
1062 2946 1169 3013 precel-

199 3011 270 3062 leres
288 3012 314 3058 M
339 3009 348 3076 ΙΙ
374 3015 388 3061 3
408 3012 480 3062 ferre
498 3012 572 3063 Bert.
593 3027 629 3062 w:
651 3014 717 3063 ferri
734 3016 761 3060 Μ
776 3012 781 3077 Ι
797 3014 957 3066 fouentibus
975 3016 1009 3064 W
1028 3012 1040 3080 Ι
1064 3018 1169 3066 doom-

199 3079 292 3129 militii
310 3095 406 3129 munus
424 3083 533 3145 scripsi:
561 3081 739 3131 commilitum
756 3095 826 3131 unus
844 3083 871 3127 Π
890 3081 1057 3146 (commilitii
1072 3098 1169 3133 munus

199 3147 242 3208 W)
264 3147 475 3197 commilitonum
494 3163 591 3198 munus
609 3150 667 3202 edd.
680 3146 690 3213 ΙΙ
708 3151 724 3198 ὅ
742 3148 795 3198 hac
814 3164 875 3213 epo:
894 3150 961 3199 aea
980 3148 1169 3214 quaBthW

201 3212 212 3277 l}
232 3216 248 3264 8
267 3214 370 3264 uideris
388 3216 423 3276 Μ,
443 3232 510 3268 corr.
529 3230 553 3264 w
570 3214 580 3281 ΙΙ
600 3218 630 3266 10
648 3217 737 3267 hostis
755 3215 902 3282 aliquando
922 3216 1065 3269 Romanus
1084 3216 1169 3271 omi

201 3278 212 3343 ξΙ
241 3285 272 3331 12
291 3281 457 3345 impleuerat
475 3285 516 3346 Μ,
538 3300 606 3333 corr.
626 3285 756 3334 Liuineius
786 3282 795 3349 ΙΙ
827 3286 858 3334 13
876 3282 934 3333 illic
954 3290 983 3334 et
1000 3298 1025 3333 w
1051 3284 1057 3349 Ι
1080 3286 1169 3335 hunus

199 3349 300 3411 (humis
318 3349 351 3409 ΔΙ
371 3351 398 3396 Μ
413 3349 417 3412 Ι
434 3350 531 3400 alanus
549 3351 679 3399 ΜΠ]
705 3349 709 3416 Ι
733 3353 763 3401 15
782 3352 930 3401 uerebatur
947 3351 970 3399 Δ
988 3352 1081 3405 Βονι..·
1098 3353 1167 3403 fere·

198 3417 279 3465 batur
297 3418 317 3464 B
336 3420 352 3464 c
369 3419 391 3464 V
408 3420 441 3465 W
458 3415 468 3481 ΙΙ
490 3419 520 3467 18
539 3424 646 3468 artaret
662 3419 685 3467 Δ
721 3418 929 3483 comparciendo
947 3432 972 3467 w
995 3416 1006 3484 ΙΙ
1027 3422 1062 3471 21
1084 3420 1169 3485 impu·

200 3487 272 3531 tares
291 3486 326 3543 Μ,
348 3488 455 3534 correxi
475 3482 484 3548 ΙΙ
505 3487 538 3534 23
558 3487 669 3535 nociaco
687 3488 707 3534 B
726 3488 743 3534 0
763 3487 784 3533 V
800 3488 834 3536 W
848 3486 853 3547 Ι
868 3486 1042 3552 molibusque
1060 3488 1168 3553 scripsi:

198 3549 373 3614 motibusque
391 3552 419 3597 Η
436 3552 609 3617 moribusque
627 3556 685 3604 edd.
