<?xml version="1.0" encoding="UTF-8"?>
<!DOCTYPE html PUBLIC "-//W3C//DTD XHTML 1.0 Transitional//EN"
    "http://www.w3.org/TR/xhtml1/DTD/xhtml1-transitional.dtd">
<html xmlns="http://www.w3.org/1999/xhtml" xml:lang="en" lang="en">
 <head>
  <title>
</title>
<meta http-equiv="Content-Type" content="text/html;charset=utf-8" />
  <meta name='ocr-system' content='tesseract 3.04.00' />
  <meta name='ocr-capabilities' content='ocr_page ocr_carea ocr_par ocr_line ocrx_word'/>
</head>
<body>
  <div class='ocr_page' id='page_1' title='image "./xiipanegyricila01baehgoog_0248.png"; bbox 0 0 2406 4012; ppageno 0'>
   <div class='ocr_carea' id='block_1_1' title="bbox 290 76 1069 145">
    <p class='ocr_par' dir='ltr' id='par_1_1' title="bbox 290 76 1069 145">
     <span class='ocr_line' id='line_1_1' title="bbox 290 76 1069 145; baseline 0.021 -17"><span class='ocrx_word' id='word_1_1' title='bbox 290 76 545 131; x_wconf 79' lang='lat' dir='ltr'><strong>eorsraurruo</strong></span> <span class='ocrx_word' id='word_1_2' title='bbox 562 76 733 130; x_wconf 75' lang='lat' dir='ltr'><strong>auousro</strong></span> <span class='ocrx_word' id='word_1_3' title='bbox 752 81 785 130; x_wconf 84' lang='lat' dir='ltr'><strong>n.</strong></span> <span class='ocrx_word' id='word_1_4' title='bbox 804 82 879 132; x_wconf 81' lang='lat' dir='ltr'><strong>a-a.</strong></span> <span class='ocrx_word' id='word_1_5' title='bbox 1006 80 1069 145; x_wconf 80' lang='lat'><strong>215</strong></span> 
     </span>
    </p>
   </div>
   <div class='ocr_carea' id='block_1_2' title="bbox 95 225 1112 2671">
    <p class='ocr_par' dir='ltr' id='par_1_2' title="bbox 95 225 1110 1493">
     <span class='ocr_line' id='line_1_2' title="bbox 165 225 1070 312; baseline 0.003 -21"><span class='ocrx_word' id='word_1_6' title='bbox 165 227 226 292; x_wconf 90' lang='lat'><em>111.</em></span> <span class='ocrx_word' id='word_1_7' title='bbox 259 225 346 310; x_wconf 83' lang='lat' dir='ltr'><strong>Quis,</strong></span> <span class='ocrx_word' id='word_1_8' title='bbox 370 248 437 308; x_wconf 89' lang='lat' dir='ltr'><strong>oro,</strong></span> <span class='ocrx_word' id='word_1_9' title='bbox 460 225 670 291; x_wconf 66' lang='lat' dir='ltr'><strong>Constantine</strong></span> <span class='ocrx_word' id='word_1_10' title='bbox 692 228 830 292; x_wconf 87' lang='lat' dir='ltr'><strong>maxime</strong></span> <span class='ocrx_word' id='word_1_11' title='bbox 852 230 1070 312; x_wconf 76' lang='lat' dir='ltr'><strong>(praesentem</strong></span> 
     </span>
     <span class='ocr_line' id='line_1_3' title="bbox 95 310 1069 397; baseline 0 -19"><span class='ocrx_word' id='word_1_12' title='bbox 95 314 189 378; x_wconf 87' lang='lat' dir='ltr'><strong>enim</strong></span> <span class='ocrx_word' id='word_1_13' title='bbox 214 310 295 375; x_wconf 91' lang='lat' dir='ltr'><strong>mihi</strong></span> <span class='ocrx_word' id='word_1_14' title='bbox 323 310 442 394; x_wconf 81' lang='lat' dir='ltr'><strong>alloqui</strong></span> <span class='ocrx_word' id='word_1_15' title='bbox 463 311 574 375; x_wconf 88' lang='lat' dir='ltr'><strong>uideor</strong></span> <span class='ocrx_word' id='word_1_16' title='bbox 596 312 664 394; x_wconf 88' lang='lat' dir='ltr'><strong>qui,</strong></span> <span class='ocrx_word' id='word_1_17' title='bbox 694 312 755 376; x_wconf 90' lang='lat' dir='ltr'><strong>etsi</strong></span> <span class='ocrx_word' id='word_1_18' title='bbox 782 317 956 396; x_wconf 89' lang='lat' dir='ltr'><strong>conspectu</strong></span> <span class='ocrx_word' id='word_1_19' title='bbox 983 314 1069 397; x_wconf 88' lang='lat' dir='ltr'><strong>abes,</strong></span> 
     </span>
     <span class='ocr_line' id='line_1_4' title="bbox 97 395 1070 483; baseline -0.001 -20"><span class='ocrx_word' id='word_1_20' title='bbox 97 397 214 463; x_wconf 88' lang='lat' dir='ltr'><strong>reuelli</strong></span> <span class='ocrx_word' id='word_1_21' title='bbox 240 399 350 460; x_wconf 88' lang='lat' dir='ltr'><strong>tamen</strong></span> <span class='ocrx_word' id='word_1_22' title='bbox 376 395 538 458; x_wconf 89' lang='lat' dir='ltr'><strong>mentibus</strong></span> <span class='ocrx_word' id='word_1_23' title='bbox 564 416 630 459; x_wconf 93' lang='lat' dir='ltr'><strong>non</strong></span> <span class='ocrx_word' id='word_1_24' title='bbox 656 399 778 480; x_wconf 79' lang='lat' dir='ltr'><strong>potes),</strong></span> <span class='ocrx_word' id='word_1_25' title='bbox 813 398 897 480; x_wconf 88' lang='lat' dir='ltr'><strong>quis,</strong></span> <span class='ocrx_word' id='word_1_26' title='bbox 928 397 1070 483; x_wconf 88' lang='lat' dir='ltr'><strong>inquam,</strong></span> 
     </span>
     <span class='ocr_line' id='line_1_5' title="bbox 96 480 1069 567; baseline 0 -21"><span class='ocrx_word' id='word_1_27' title='bbox 96 482 246 565; x_wconf 88' lang='lat' dir='ltr'><strong>aspirare</strong></span> <span class='ocrx_word' id='word_1_28' title='bbox 268 480 377 543; x_wconf 88' lang='lat' dir='ltr'><strong>laudes</strong></span> <span class='ocrx_word' id='word_1_29' title='bbox 398 483 470 543; x_wconf 90' lang='lat' dir='ltr'><strong>tuas</strong></span> <span class='ocrx_word' id='word_1_30' title='bbox 498 480 614 543; x_wconf 89' lang='lat' dir='ltr'><strong>audeat</strong></span> <span class='ocrx_word' id='word_1_31' title='bbox 636 481 862 564; x_wconf 80' lang='lat' dir='ltr'><strong>aequiparandi</strong></span> <span class='ocrx_word' id='word_1_32' title='bbox 886 483 990 567; x_wconf 84' lang='lat' dir='ltr'><strong>magis</strong></span> <span class='ocrx_word' id='word_1_33' title='bbox 1013 504 1069 566; x_wconf 90' lang='lat' dir='ltr'><strong>spe</strong></span> 
     </span>
     <span class='ocr_line' id='line_1_6' title="bbox 101 564 1095 651; baseline -0.004 -20"><span class='ocrx_word' id='word_1_34' title='bbox 101 588 199 650; x_wconf 87' lang='lat' dir='ltr'><strong>quam</strong></span> <span class='ocrx_word' id='word_1_35' title='bbox 225 564 332 649; x_wconf 80' lang='lat' dir='ltr'><strong>gratia</strong></span> <span class='ocrx_word' id='word_1_36' title='bbox 359 585 427 627; x_wconf 88' lang='lat' dir='ltr'><strong>non</strong></span> <span class='ocrx_word' id='word_1_37' title='bbox 454 564 603 627; x_wconf 82' lang='lat' dir='ltr'><strong>tacendi?</strong></span> <span class='ocrx_word' id='word_1_38' title='bbox 648 565 718 648; x_wconf 90' lang='lat' dir='ltr'><strong>quis</strong></span> <span class='ocrx_word' id='word_1_39' title='bbox 740 568 806 629; x_wconf 88' lang='lat' dir='ltr'><strong>tam</strong></span> <span class='ocrx_word' id='word_1_40' title='bbox 831 569 945 650; x_wconf 91' lang='lat' dir='ltr'><strong>potens</strong></span> <span class='ocrx_word' id='word_1_41' title='bbox 967 567 1095 651; x_wconf 62' lang='lat' dir='ltr'><strong>fandis</strong></span> 
     </span>
     <span class='ocr_line' id='line_1_7' title="bbox 98 648 1070 733; baseline 0.001 -18"><span class='ocrx_word' id='word_1_42' title='bbox 98 652 192 715; x_wconf 86' lang='lat' dir='ltr'><strong>ouius</strong></span> <span class='ocrx_word' id='word_1_43' title='bbox 221 649 313 733; x_wconf 87' lang='lat' dir='ltr'><strong>copia</strong></span> <span class='ocrx_word' id='word_1_44' title='bbox 334 651 400 711; x_wconf 90' lang='lat' dir='ltr'><strong>tam</strong></span> <span class='ocrx_word' id='word_1_45' title='bbox 423 649 512 732; x_wconf 85' lang='lat' dir='ltr'><strong>larga</strong></span> <span class='ocrx_word' id='word_1_46' title='bbox 533 651 661 732; x_wconf 88' lang='lat' dir='ltr'><strong>tamque</strong></span> <span class='ocrx_word' id='word_1_47' title='bbox 683 648 761 713; x_wconf 86' lang='lat' dir='ltr'><strong>felix</strong></span> <span class='ocrx_word' id='word_1_48' title='bbox 783 672 878 733; x_wconf 89' lang='lat' dir='ltr'><strong>quae,</strong></span> <span class='ocrx_word' id='word_1_49' title='bbox 913 672 986 716; x_wconf 89' lang='lat' dir='ltr'><strong>cum</strong></span> <span class='ocrx_word' id='word_1_50' title='bbox 1007 653 1070 715; x_wconf 91' lang='lat' dir='ltr'><strong>uir·</strong></span> 
     </span>
     <span class='ocr_line' id='line_1_8' title="bbox 99 732 1070 816; baseline 0.002 -17"><span class='ocrx_word' id='word_1_51' title='bbox 99 737 189 799; x_wconf 88' lang='lat' dir='ltr'><strong>tutes</strong></span> <span class='ocrx_word' id='word_1_52' title='bbox 203 736 275 796; x_wconf 89' lang='lat' dir='ltr'><strong>tuas</strong></span> <span class='ocrx_word' id='word_1_53' title='bbox 295 732 523 816; x_wconf 87' lang='lat' dir='ltr'><strong>attrectauerit‚</strong></span> <span class='ocrx_word' id='word_1_54' title='bbox 545 754 612 795; x_wconf 91' lang='lat' dir='ltr'><strong>non</strong></span> <span class='ocrx_word' id='word_1_55' title='bbox 634 736 689 796; x_wconf 90' lang='lat' dir='ltr'><strong>aut</strong></span> <span class='ocrx_word' id='word_1_56' title='bbox 703 734 920 799; x_wconf 89' lang='lat' dir='ltr'><strong>circumuenta</strong></span> <span class='ocrx_word' id='word_1_57' title='bbox 938 758 1070 801; x_wconf 91' lang='lat' dir='ltr'><strong>numero</strong></span> 
     </span>
     <span class='ocr_line' id='line_1_9' title="bbox 101 818 1070 902; baseline 0.002 -19"><span class='ocrx_word' id='word_1_58' title='bbox 101 819 272 902; x_wconf 89' lang='lat' dir='ltr'><strong>desperato</strong></span> <span class='ocrx_word' id='word_1_59' title='bbox 294 818 381 880; x_wconf 90' lang='lat' dir='ltr'><strong>exitu</strong></span> <span class='ocrx_word' id='word_1_60' title='bbox 403 820 530 900; x_wconf 88' lang='lat' dir='ltr'><strong>stupeat</strong></span> <span class='ocrx_word' id='word_1_61' title='bbox 552 820 645 900; x_wconf 91' lang='lat' dir='ltr'><strong>atque</strong></span> <span class='ocrx_word' id='word_1_62' title='bbox 667 818 792 881; x_wconf 90' lang='lat' dir='ltr'><strong>obterat</strong></span> <span class='ocrx_word' id='word_1_63' title='bbox 812 820 1070 902; x_wconf 80' lang='lat' dir='ltr'><strong>magnitudinem</strong></span> 
     </span>
     <span class='ocr_line' id='line_1_10' title="bbox 101 901 1072 985; baseline 0 -18"><span class='ocrx_word' id='word_1_64' title='bbox 101 905 160 968; x_wconf 88' lang='lat' dir='ltr'><strong>aut</strong></span> <span class='ocrx_word' id='word_1_65' title='bbox 196 901 364 985; x_wconf 90' lang='lat' dir='ltr'><strong>splendore</strong></span> <span class='ocrx_word' id='word_1_66' title='bbox 405 901 603 964; x_wconf 78' lang='lat' dir='ltr'><strong>obsolefacta</strong></span> <span class='ocrx_word' id='word_1_67' title='bbox 638 904 766 965; x_wconf 91' lang='lat' dir='ltr'><strong>tantum</strong></span> <span class='ocrx_word' id='word_1_68' title='bbox 802 902 916 965; x_wconf 87' lang='lat' dir='ltr'><strong>nitoris</strong></span> <span class='ocrx_word' id='word_1_69' title='bbox 953 902 1072 967; x_wconf 88' lang='lat' dir='ltr'><strong>habeat</strong></span> 
     </span>
     <span class='ocr_line' id='line_1_11' title="bbox 100 985 1109 1071; baseline -0.003 -20"><span class='ocrx_word' id='word_1_70' title='bbox 100 989 258 1071; x_wconf 86' lang='lat' dir='ltr'><strong>quantum</strong></span> <span class='ocrx_word' id='word_1_71' title='bbox 280 1007 319 1049; x_wconf 89' lang='lat' dir='ltr'><strong>ex</strong></span> <span class='ocrx_word' id='word_1_72' title='bbox 332 1006 438 1048; x_wconf 89' lang='lat' dir='ltr'><strong>rerum</strong></span> <span class='ocrx_word' id='word_1_73' title='bbox 452 985 524 1049; x_wconf 90' lang='lat' dir='ltr'><strong>luce</strong></span> <span class='ocrx_word' id='word_1_74' title='bbox 547 986 734 1070; x_wconf 80' lang='lat' dir='ltr'><strong>collegerit?</strong></span> <span class='ocrx_word' id='word_1_75' title='bbox 758 986 846 1049; x_wconf 85' lang='lat' dir='ltr'><strong>cuius</strong></span> <span class='ocrx_word' id='word_1_76' title='bbox 869 1008 941 1050; x_wconf 92' lang='lat' dir='ltr'><strong>cum</strong></span> <span class='ocrx_word' id='word_1_77' title='bbox 961 987 1071 1051; x_wconf 90' lang='lat' dir='ltr'><strong>diuina</strong></span> <span class='ocrx_word' id='word_1_78' title='bbox 1084 1008 1109 1048; x_wconf 89' lang='lat' dir='ltr'><strong>ro</strong></span> 
     </span>
     <span class='ocr_line' id='line_1_12' title="bbox 101 1069 1071 1154; baseline -0.001 -19"><span class='ocrx_word' id='word_1_79' title='bbox 101 1071 207 1135; x_wconf 87' lang='lat' dir='ltr'><strong>uirtus</strong></span> <span class='ocrx_word' id='word_1_80' title='bbox 230 1070 345 1134; x_wconf 89' lang='lat' dir='ltr'><strong>eteius</strong></span> <span class='ocrx_word' id='word_1_81' title='bbox 367 1069 582 1134; x_wconf 82' lang='lat' dir='ltr'><strong>misericordia</strong></span> <span class='ocrx_word' id='word_1_82' title='bbox 604 1091 708 1134; x_wconf 87' lang='lat' dir='ltr'><strong>comes</strong></span> <span class='ocrx_word' id='word_1_83' title='bbox 731 1071 954 1154; x_wconf 87' lang='lat' dir='ltr'><strong>appendixque</strong></span> <span class='ocrx_word' id='word_1_84' title='bbox 972 1071 1071 1135; x_wconf 85' lang='lat' dir='ltr'><strong>uicto-</strong></span> 
     </span>
     <span class='ocr_line' id='line_1_13' title="bbox 100 1153 1072 1238; baseline -0.001 -19"><span class='ocrx_word' id='word_1_85' title='bbox 100 1157 152 1219; x_wconf 85' lang='lat' dir='ltr'><strong>ria</strong></span> <span class='ocrx_word' id='word_1_86' title='bbox 172 1154 284 1218; x_wconf 93' lang='lat' dir='ltr'><strong>urbem</strong></span> <span class='ocrx_word' id='word_1_87' title='bbox 298 1153 433 1217; x_wconf 85' lang='lat' dir='ltr'><strong>Romam</strong></span> <span class='ocrx_word' id='word_1_88' title='bbox 455 1175 522 1217; x_wconf 91' lang='lat' dir='ltr'><strong>non</strong></span> <span class='ocrx_word' id='word_1_89' title='bbox 536 1154 804 1238; x_wconf 86' lang='lat' dir='ltr'><strong>praecipitantem</strong></span> <span class='ocrx_word' id='word_1_90' title='bbox 821 1155 991 1238; x_wconf 85' lang='lat' dir='ltr'><strong>exceperit,</strong></span> <span class='ocrx_word' id='word_1_91' title='bbox 1016 1156 1072 1219; x_wconf 92' lang='lat' dir='ltr'><strong>sed</strong></span> 
     </span>
     <span class='ocr_line' id='line_1_14' title="bbox 101 1238 1073 1321; baseline 0 -18"><span class='ocrx_word' id='word_1_92' title='bbox 101 1239 259 1303; x_wconf 86' lang='lat' dir='ltr'><strong>afflictam</strong></span> <span class='ocrx_word' id='word_1_93' title='bbox 274 1259 310 1302; x_wconf 89' lang='lat' dir='ltr'><strong>ao</strong></span> <span class='ocrx_word' id='word_1_94' title='bbox 324 1239 421 1321; x_wconf 90' lang='lat' dir='ltr'><strong>plane</strong></span> <span class='ocrx_word' id='word_1_95' title='bbox 438 1238 596 1303; x_wconf 85' lang='lat' dir='ltr'><strong>iacentem</strong></span> <span class='ocrx_word' id='word_1_96' title='bbox 611 1240 758 1303; x_wconf 86' lang='lat' dir='ltr'><strong>excitarit</strong></span> <span class='ocrx_word' id='word_1_97' title='bbox 769 1241 922 1304; x_wconf 88' lang='lat' dir='ltr'><strong>recrearit</strong></span> <span class='ocrx_word' id='word_1_98' title='bbox 937 1240 1073 1303; x_wconf 88' lang='lat' dir='ltr'><strong>erexerit</strong></span> 
     </span>
     <span class='ocr_line' id='line_1_15' title="bbox 103 1321 1072 1407; baseline -0.003 -18"><span class='ocrx_word' id='word_1_99' title='bbox 103 1343 240 1407; x_wconf 89' lang='lat' dir='ltr'><strong>cumque</strong></span> <span class='ocrx_word' id='word_1_100' title='bbox 262 1322 345 1386; x_wconf 88' lang='lat' dir='ltr'><strong>aliae</strong></span> <span class='ocrx_word' id='word_1_101' title='bbox 366 1321 570 1387; x_wconf 87' lang='lat' dir='ltr'><strong>felicissimae</strong></span> <span class='ocrx_word' id='word_1_102' title='bbox 584 1327 659 1387; x_wconf 86' lang='lat' dir='ltr'><strong>tuae</strong></span> <span class='ocrx_word' id='word_1_103' title='bbox 680 1325 769 1407; x_wconf 90' lang='lat' dir='ltr'><strong>prius</strong></span> <span class='ocrx_word' id='word_1_104' title='bbox 791 1345 828 1387; x_wconf 88' lang='lat' dir='ltr'><strong>ac</strong></span> <span class='ocrx_word' id='word_1_105' title='bbox 847 1325 997 1406; x_wconf 87' lang='lat' dir='ltr'><strong>deinceps</strong></span> <span class='ocrx_word' id='word_1_106' title='bbox 1020 1345 1072 1387; x_wconf 90' lang='lat' dir='ltr'><strong>ex-</strong></span> 
     </span>
     <span class='ocr_line' id='line_1_16' title="bbox 103 1407 1110 1493; baseline -0.002 -22"><span class='ocrx_word' id='word_1_107' title='bbox 103 1407 283 1493; x_wconf 89' lang='lat' dir='ltr'><strong>peditiones</strong></span> <span class='ocrx_word' id='word_1_108' title='bbox 312 1428 378 1470; x_wconf 92' lang='lat' dir='ltr'><strong>non</strong></span> <span class='ocrx_word' id='word_1_109' title='bbox 400 1408 506 1472; x_wconf 88' lang='lat' dir='ltr'><strong>minus</strong></span> <span class='ocrx_word' id='word_1_110' title='bbox 533 1408 568 1470; x_wconf 91' lang='lat' dir='ltr'><strong>in</strong></span> <span class='ocrx_word' id='word_1_111' title='bbox 590 1429 659 1471; x_wconf 87' lang='lat' dir='ltr'><strong>sese</strong></span> <span class='ocrx_word' id='word_1_112' title='bbox 682 1409 788 1491; x_wconf 88' lang='lat' dir='ltr'><strong>operis</strong></span> <span class='ocrx_word' id='word_1_113' title='bbox 816 1409 981 1490; x_wconf 88' lang='lat' dir='ltr'><strong>amplexae</strong></span> <span class='ocrx_word' id='word_1_114' title='bbox 1006 1409 1073 1471; x_wconf 87' lang='lat' dir='ltr'><strong>sint</strong></span> <span class='ocrx_word' id='word_1_115' title='bbox 1085 1426 1110 1468; x_wconf 78' lang='lat'><strong>15</strong></span> 
     </span>
    </p>

    <p class='ocr_par' dir='ltr' id='par_1_3' title="bbox 103 1491 1112 2671">
     <span class='ocr_line' id='line_1_17' title="bbox 124 1491 1072 1575; baseline 0 -20"><span class='ocrx_word' id='word_1_116' title='bbox 124 1514 201 1555; x_wconf 90' lang='lat' dir='ltr'><strong>uam</strong></span> <span class='ocrx_word' id='word_1_117' title='bbox 234 1513 273 1555; x_wconf 85' lang='lat' dir='ltr'><strong>ex</strong></span> <span class='ocrx_word' id='word_1_118' title='bbox 304 1491 383 1574; x_wconf 91' lang='lat' dir='ltr'><strong>ipsis</strong></span> <span class='ocrx_word' id='word_1_119' title='bbox 415 1491 562 1555; x_wconf 87' lang='lat' dir='ltr'><strong>faucibus</strong></span> <span class='ocrx_word' id='word_1_120' title='bbox 593 1491 654 1554; x_wconf 90' lang='lat' dir='ltr'><strong>fati</strong></span> <span class='ocrx_word' id='word_1_121' title='bbox 682 1491 785 1554; x_wconf 88' lang='lat' dir='ltr'><strong>Roma</strong></span> <span class='ocrx_word' id='word_1_122' title='bbox 816 1496 959 1556; x_wconf 87' lang='lat' dir='ltr'><strong>seruata:</strong></span> <span class='ocrx_word' id='word_1_123' title='bbox 996 1492 1072 1575; x_wconf 90' lang='lat' dir='ltr'><strong>quid</strong></span> 
     </span>
     <span class='ocr_line' id='line_1_18' title="bbox 129 1575 1071 1673; baseline 0 -35"><span class='ocrx_word' id='word_1_124' title='bbox 129 1576 240 1660; x_wconf 82' lang='lat' dir='ltr'><strong>&#39;gnum</strong></span> <span class='ocrx_word' id='word_1_125' title='bbox 267 1575 490 1658; x_wconf 83' lang='lat' dir='ltr'><strong>magnitudine</strong></span> <span class='ocrx_word' id='word_1_126' title='bbox 511 1578 567 1638; x_wconf 89' lang='lat' dir='ltr'><strong>tua</strong></span> <span class='ocrx_word' id='word_1_127' title='bbox 594 1575 771 1659; x_wconf 84' lang='lat' dir='ltr'><strong>excogitari</strong></span> <span class='ocrx_word' id='word_1_128' title='bbox 799 1597 837 1639; x_wconf 88' lang='lat' dir='ltr'><strong>ao</strong></span> <span class='ocrx_word' id='word_1_129' title='bbox 865 1576 927 1640; x_wconf 87' lang='lat' dir='ltr'><strong>dici</strong></span> <span class='ocrx_word' id='word_1_130' title='bbox 954 1579 1071 1673; x_wconf 85' lang='lat' dir='ltr'><strong>potest,</strong></span> 
     </span>
     <span class='ocr_line' id='line_1_19' title="bbox 103 1659 1073 1744; baseline -0.001 -20"><span class='ocrx_word' id='word_1_131' title='bbox 103 1660 251 1725; x_wconf 84' lang='lat' dir='ltr'><strong>inanius</strong></span> <span class='ocrx_word' id='word_1_132' title='bbox 274 1659 421 1723; x_wconf 89' lang='lat' dir='ltr'><strong>laudibus</strong></span> <span class='ocrx_word' id='word_1_133' title='bbox 444 1659 477 1722; x_wconf 92' lang='lat' dir='ltr'><strong>id</strong></span> <span class='ocrx_word' id='word_1_134' title='bbox 500 1659 673 1723; x_wconf 88' lang='lat' dir='ltr'><strong>maximum</strong></span> <span class='ocrx_word' id='word_1_135' title='bbox 695 1681 761 1723; x_wconf 92' lang='lat' dir='ltr'><strong>non</strong></span> <span class='ocrx_word' id='word_1_136' title='bbox 784 1662 938 1744; x_wconf 90' lang='lat' dir='ltr'><strong>estquod</strong></span> <span class='ocrx_word' id='word_1_137' title='bbox 961 1683 995 1723; x_wconf 87' lang='lat' dir='ltr'><strong>m</strong></span> <span class='ocrx_word' id='word_1_138' title='bbox 1011 1662 1073 1724; x_wconf 90' lang='lat' dir='ltr'><strong>ter·</strong></span> 
     </span>
     <span class='ocr_line' id='line_1_20' title="bbox 103 1743 1072 1828; baseline 0 -21"><span class='ocrx_word' id='word_1_139' title='bbox 103 1765 213 1808; x_wconf 89' lang='lat' dir='ltr'><strong>rarum</strong></span> <span class='ocrx_word' id='word_1_140' title='bbox 237 1743 313 1807; x_wconf 87' lang='lat' dir='ltr'><strong>orbo</strong></span> <span class='ocrx_word' id='word_1_141' title='bbox 334 1744 522 1827; x_wconf 84' lang='lat' dir='ltr'><strong>primarium</strong></span> <span class='ocrx_word' id='word_1_142' title='bbox 545 1743 617 1806; x_wconf 80' lang='lat' dir='ltr'><strong>est?</strong></span> <span class='ocrx_word' id='word_1_143' title='bbox 653 1744 926 1808; x_wconf 90' lang='lat' dir='ltr'><strong>nobilissimorum</strong></span> <span class='ocrx_word' id='word_1_144' title='bbox 948 1765 1072 1828; x_wconf 92' lang='lat' dir='ltr'><strong>quoque</strong></span> 
     </span>
     <span class='ocr_line' id='line_1_21' title="bbox 105 1828 1111 1913; baseline -0.003 -20"><span class='ocrx_word' id='word_1_145' title='bbox 105 1828 279 1894; x_wconf 85' lang='lat' dir='ltr'><strong>Caesarum</strong></span> <span class='ocrx_word' id='word_1_146' title='bbox 300 1828 410 1891; x_wconf 89' lang='lat' dir='ltr'><strong>laudes</strong></span> <span class='ocrx_word' id='word_1_147' title='bbox 434 1828 545 1911; x_wconf 89' lang='lat' dir='ltr'><strong>exequi</strong></span> <span class='ocrx_word' id='word_1_148' title='bbox 561 1828 644 1891; x_wconf 91' lang='lat' dir='ltr'><strong>uelle</strong></span> <span class='ocrx_word' id='word_1_149' title='bbox 667 1828 808 1892; x_wconf 85' lang='lat' dir='ltr'><strong>studium</strong></span> <span class='ocrx_word' id='word_1_150' title='bbox 830 1830 957 1913; x_wconf 89' lang='lat' dir='ltr'><strong>quidem</strong></span> <span class='ocrx_word' id='word_1_151' title='bbox 971 1829 1072 1912; x_wconf 89' lang='lat' dir='ltr'><strong>dulce,</strong></span> <span class='ocrx_word' id='word_1_152' title='bbox 1085 1847 1111 1890; x_wconf 85' lang='lat' dir='ltr'><strong>ao</strong></span> 
     </span>
     <span class='ocr_line' id='line_1_22' title="bbox 105 1912 1073 1997; baseline 0 -20"><span class='ocrx_word' id='word_1_153' title='bbox 105 1912 163 1977; x_wconf 86' lang='lat' dir='ltr'><strong>sed</strong></span> <span class='ocrx_word' id='word_1_154' title='bbox 191 1915 224 1976; x_wconf 86' lang='lat' dir='ltr'><strong>et</strong></span> <span class='ocrx_word' id='word_1_155' title='bbox 250 1933 325 1975; x_wconf 88' lang='lat' dir='ltr'><strong>cura</strong></span> <span class='ocrx_word' id='word_1_156' title='bbox 357 1933 424 1975; x_wconf 90' lang='lat' dir='ltr'><strong>non</strong></span> <span class='ocrx_word' id='word_1_157' title='bbox 451 1913 619 1976; x_wconf 89' lang='lat' dir='ltr'><strong>mediocris</strong></span> <span class='ocrx_word' id='word_1_158' title='bbox 649 1918 713 1993; x_wconf 87' lang='lat' dir='ltr'><strong>est,</strong></span> <span class='ocrx_word' id='word_1_159' title='bbox 751 1935 885 1997; x_wconf 92' lang='lat' dir='ltr'><strong>quorum</strong></span> <span class='ocrx_word' id='word_1_160' title='bbox 917 1914 952 1977; x_wconf 90' lang='lat' dir='ltr'><strong>in</strong></span> <span class='ocrx_word' id='word_1_161' title='bbox 980 1913 1073 1977; x_wconf 89' lang='lat' dir='ltr'><strong>annis</strong></span> 
     </span>
     <span class='ocr_line' id='line_1_23' title="bbox 105 1996 1072 2082; baseline 0.001 -22"><span class='ocrx_word' id='word_1_162' title='bbox 105 1996 354 2080; x_wconf 89' lang='lat' dir='ltr'><strong>pubescentibus</strong></span> <span class='ocrx_word' id='word_1_163' title='bbox 375 2018 443 2059; x_wconf 91' lang='lat' dir='ltr'><strong>non</strong></span> <span class='ocrx_word' id='word_1_164' title='bbox 457 2000 626 2079; x_wconf 85' lang='lat' dir='ltr'><strong>erupturae</strong></span> <span class='ocrx_word' id='word_1_165' title='bbox 641 1997 770 2061; x_wconf 91' lang='lat' dir='ltr'><strong>uirtutis</strong></span> <span class='ocrx_word' id='word_1_166' title='bbox 785 2001 913 2062; x_wconf 89' lang='lat' dir='ltr'><strong>tumens</strong></span> <span class='ocrx_word' id='word_1_167' title='bbox 928 2019 1072 2082; x_wconf 86' lang='lat' dir='ltr'><strong>germen,</strong></span> 
     </span>
     <span class='ocr_line' id='line_1_24' title="bbox 105 2080 1073 2164; baseline -0.002 -20"><span class='ocrx_word' id='word_1_168' title='bbox 105 2101 173 2144; x_wconf 93' lang='lat' dir='ltr'><strong>non</strong></span> <span class='ocrx_word' id='word_1_169' title='bbox 193 2080 251 2145; x_wconf 88' lang='lat' dir='ltr'><strong>flos</strong></span> <span class='ocrx_word' id='word_1_170' title='bbox 273 2102 460 2163; x_wconf 87' lang='lat' dir='ltr'><strong>praecursor</strong></span> <span class='ocrx_word' id='word_1_171' title='bbox 484 2081 601 2146; x_wconf 91' lang='lat' dir='ltr'><strong>indolis</strong></span> <span class='ocrx_word' id='word_1_172' title='bbox 623 2082 725 2146; x_wconf 91' lang='lat' dir='ltr'><strong>bonae</strong></span> <span class='ocrx_word' id='word_1_173' title='bbox 746 2082 859 2146; x_wconf 91' lang='lat' dir='ltr'><strong>laetior</strong></span> <span class='ocrx_word' id='word_1_174' title='bbox 881 2104 976 2164; x_wconf 90' lang='lat' dir='ltr'><strong>quam</strong></span> <span class='ocrx_word' id='word_1_175' title='bbox 998 2082 1073 2143; x_wconf 89' lang='lat' dir='ltr'><strong>ube-</strong></span> 
     </span>
     <span class='ocr_line' id='line_1_25' title="bbox 105 2164 1073 2249; baseline -0.005 -20"><span class='ocrx_word' id='word_1_176' title='bbox 105 2166 173 2229; x_wconf 90' lang='lat' dir='ltr'><strong>rior</strong></span> <span class='ocrx_word' id='word_1_177' title='bbox 195 2168 338 2249; x_wconf 87' lang='lat' dir='ltr'><strong>apparet‚</strong></span> <span class='ocrx_word' id='word_1_178' title='bbox 362 2165 418 2228; x_wconf 90' lang='lat' dir='ltr'><strong>sed</strong></span> <span class='ocrx_word' id='word_1_179' title='bbox 432 2166 496 2229; x_wconf 90' lang='lat' dir='ltr'><strong>iam</strong></span> <span class='ocrx_word' id='word_1_180' title='bbox 513 2165 599 2229; x_wconf 87' lang='lat' dir='ltr'><strong>facta</strong></span> <span class='ocrx_word' id='word_1_181' title='bbox 612 2166 777 2249; x_wconf 84' lang='lat' dir='ltr'><strong>granifera</strong></span> <span class='ocrx_word' id='word_1_182' title='bbox 800 2168 832 2228; x_wconf 92' lang='lat' dir='ltr'><strong>et</strong></span> <span class='ocrx_word' id='word_1_183' title='bbox 847 2168 958 2229; x_wconf 87' lang='lat' dir='ltr'><strong>contra</strong></span> <span class='ocrx_word' id='word_1_184' title='bbox 977 2164 1073 2225; x_wconf 89' lang='lat' dir='ltr'><strong>ratio-</strong></span> 
     </span>
     <span class='ocr_line' id='line_1_26' title="bbox 104 2248 1112 2332; baseline -0.006 -19"><span class='ocrx_word' id='word_1_185' title='bbox 104 2271 180 2313; x_wconf 89' lang='lat' dir='ltr'><strong>nem</strong></span> <span class='ocrx_word' id='word_1_186' title='bbox 201 2249 314 2313; x_wconf 90' lang='lat' dir='ltr'><strong>aetatis</strong></span> <span class='ocrx_word' id='word_1_187' title='bbox 333 2248 543 2312; x_wconf 90' lang='lat' dir='ltr'><strong>maximorum</strong></span> <span class='ocrx_word' id='word_1_188' title='bbox 559 2270 755 2332; x_wconf 90' lang='lat' dir='ltr'><strong>quorumque</strong></span> <span class='ocrx_word' id='word_1_189' title='bbox 769 2249 933 2311; x_wconf 87' lang='lat' dir='ltr'><strong>fructuum</strong></span> <span class='ocrx_word' id='word_1_190' title='bbox 947 2250 1112 2309; x_wconf 72' lang='lat' dir='ltr'><strong>maturam</strong></span> 
     </span>
     <span class='ocr_line' id='line_1_27' title="bbox 105 2329 1073 2417; baseline -0.003 -20"><span class='ocrx_word' id='word_1_191' title='bbox 105 2334 279 2417; x_wconf 83' lang='lat' dir='ltr'><strong>perceptio.</strong></span> <span class='ocrx_word' id='word_1_192' title='bbox 324 2354 459 2416; x_wconf 89' lang='lat' dir='ltr'><strong>quorum</strong></span> <span class='ocrx_word' id='word_1_193' title='bbox 495 2332 574 2395; x_wconf 88' lang='lat' dir='ltr'><strong>alter</strong></span> <span class='ocrx_word' id='word_1_194' title='bbox 610 2333 675 2396; x_wconf 90' lang='lat' dir='ltr'><strong>iam</strong></span> <span class='ocrx_word' id='word_1_195' title='bbox 711 2331 892 2395; x_wconf 91' lang='lat' dir='ltr'><strong>obterendis</strong></span> <span class='ocrx_word' id='word_1_196' title='bbox 929 2329 1073 2394; x_wconf 87' lang='lat' dir='ltr'><strong>hostibus</strong></span> 
     </span>
     <span class='ocr_line' id='line_1_28' title="bbox 106 2415 1077 2502; baseline -0.003 -20"><span class='ocrx_word' id='word_1_197' title='bbox 106 2419 216 2502; x_wconf 84' lang='lat' dir='ltr'><strong>grauis</strong></span> <span class='ocrx_word' id='word_1_198' title='bbox 252 2422 407 2482; x_wconf 88' lang='lat' dir='ltr'><strong>terrorem</strong></span> <span class='ocrx_word' id='word_1_199' title='bbox 443 2419 631 2500; x_wconf 84' lang='lat' dir='ltr'><strong>paternum,</strong></span> <span class='ocrx_word' id='word_1_200' title='bbox 672 2437 734 2498; x_wconf 95' lang='lat' dir='ltr'><strong>quo</strong></span> <span class='ocrx_word' id='word_1_201' title='bbox 770 2436 894 2499; x_wconf 88' lang='lat' dir='ltr'><strong>semper</strong></span> <span class='ocrx_word' id='word_1_202' title='bbox 927 2415 1077 2479; x_wconf 89' lang='lat' dir='ltr'><strong>barbaria</strong></span> 
     </span>
     <span class='ocr_line' id='line_1_29' title="bbox 105 2501 1075 2584; baseline -0.002 -18"><span class='ocrx_word' id='word_1_203' title='bbox 105 2503 212 2566; x_wconf 87' lang='lat' dir='ltr'><strong>omnis</strong></span> <span class='ocrx_word' id='word_1_204' title='bbox 247 2502 429 2584; x_wconf 85' lang='lat' dir='ltr'><strong>intremuit,</strong></span> <span class='ocrx_word' id='word_1_205' title='bbox 473 2501 615 2564; x_wconf 89' lang='lat' dir='ltr'><strong>deriuaro</strong></span> <span class='ocrx_word' id='word_1_206' title='bbox 652 2501 694 2564; x_wconf 89' lang='lat' dir='ltr'><strong>ad</strong></span> <span class='ocrx_word' id='word_1_207' title='bbox 725 2521 842 2564; x_wconf 88' lang='lat' dir='ltr'><strong>nomen</strong></span> <span class='ocrx_word' id='word_1_208' title='bbox 877 2521 969 2563; x_wconf 90' lang='lat' dir='ltr'><strong>suum</strong></span> <span class='ocrx_word' id='word_1_209' title='bbox 1006 2520 1075 2564; x_wconf 90' lang='lat' dir='ltr'><strong>coe-</strong></span> 
     </span>
     <span class='ocr_line' id='line_1_30' title="bbox 106 2585 1076 2671; baseline -0.002 -21"><span class='ocrx_word' id='word_1_210' title='bbox 106 2586 172 2671; x_wconf 80' lang='lat' dir='ltr'><strong>pit3</strong></span> <span class='ocrx_word' id='word_1_211' title='bbox 209 2587 290 2650; x_wconf 90' lang='lat' dir='ltr'><strong>alter</strong></span> <span class='ocrx_word' id='word_1_212' title='bbox 318 2586 384 2650; x_wconf 90' lang='lat' dir='ltr'><strong>iam</strong></span> <span class='ocrx_word' id='word_1_213' title='bbox 412 2585 627 2670; x_wconf 85' lang='lat' dir='ltr'><strong>consulatum,</strong></span> <span class='ocrx_word' id='word_1_214' title='bbox 656 2585 722 2650; x_wconf 91' lang='lat' dir='ltr'><strong>iam</strong></span> <span class='ocrx_word' id='word_1_215' title='bbox 748 2586 988 2650; x_wconf 89' lang='lat' dir='ltr'><strong>uenerationem</strong></span> <span class='ocrx_word' id='word_1_216' title='bbox 1016 2585 1076 2669; x_wconf 86' lang='lat' dir='ltr'><strong>sui,</strong></span> 
     </span>
    </p>
   </div>
   <div class='ocr_carea' id='block_1_3' title="bbox 107 2760 308 2767">
    <p class='ocr_par' dir='ltr' id='par_1_4' title="bbox 107 2760 308 2767">
     <span class='ocr_line' id='line_1_31' title="bbox 107 2760 308 2767; baseline 0 0"><span class='ocrx_word' id='word_1_217' title='bbox 107 2760 308 2767; x_wconf 45' lang='grc' dir='ltr'>..ὰ-*-</span> 
     </span>
    </p>
   </div>
   <div class='ocr_carea' id='block_1_4' title="bbox 107 2854 1079 3465">
    <p class='ocr_par' dir='ltr' id='par_1_5' title="bbox 107 2854 1079 3465">
     <span class='ocr_line' id='line_1_32' title="bbox 175 2854 1077 2925; baseline -0.003 -17"><span class='ocrx_word' id='word_1_218' title='bbox 175 2861 193 2908; x_wconf 86' lang='grc'>4</span> <span class='ocrx_word' id='word_1_219' title='bbox 211 2854 326 2925; x_wconf 88' lang='lat' dir='ltr'><strong>audeat]</strong></span> <span class='ocrx_word' id='word_1_220' title='bbox 345 2857 441 2908; x_wconf 84' lang='lat' dir='ltr'><strong>ualeat</strong></span> <span class='ocrx_word' id='word_1_221' title='bbox 459 2859 518 2910; x_wconf 83' lang='lat' dir='ltr'><strong>edd.</strong></span> <span class='ocrx_word' id='word_1_222' title='bbox 536 2857 546 2924; x_wconf 90' lang='lat' dir='ltr'><strong>l</strong></span> <span class='ocrx_word' id='word_1_223' title='bbox 563 2861 578 2908; x_wconf 88' lang='grc'><strong>6</strong></span> <span class='ocrx_word' id='word_1_224' title='bbox 595 2864 684 2924; x_wconf 85' lang='lat' dir='ltr'><strong>tamq;</strong></span> <span class='ocrx_word' id='word_1_225' title='bbox 703 2875 762 2924; x_wconf 78' lang='lat' dir='ltr'><strong>epo:</strong></span> <span class='ocrx_word' id='word_1_226' title='bbox 782 2864 838 2908; x_wconf 84' lang='lat' dir='ltr'><strong>tam</strong></span> <span class='ocrx_word' id='word_1_227' title='bbox 856 2859 884 2905; x_wconf 76' lang='lat'>1</span> <span class='ocrx_word' id='word_1_228' title='bbox 899 2855 909 2921; x_wconf 87' lang='grc' dir='ltr'><strong>ΙΙ</strong></span> <span class='ocrx_word' id='word_1_229' title='bbox 926 2860 941 2907; x_wconf 77' lang='grc'>7</span> <span class='ocrx_word' id='word_1_230' title='bbox 959 2863 1023 2907; x_wconf 84' lang='lat' dir='ltr'><strong>tuas</strong></span> <span class='ocrx_word' id='word_1_231' title='bbox 1040 2858 1077 2905; x_wconf 76' lang='lat' dir='ltr'><strong>A:</strong></span> 
     </span>
     <span class='ocr_line' id='line_1_33' title="bbox 107 2920 1078 2990; baseline -0.008 -13"><span class='ocrx_word' id='word_1_232' title='bbox 107 2942 156 2977; x_wconf 84' lang='lat' dir='ltr'><strong>om.</strong></span> <span class='ocrx_word' id='word_1_233' title='bbox 175 2927 311 2989; x_wconf 67' lang='grc' dir='ltr'><strong>ΜΝ,</strong></span> <span class='ocrx_word' id='word_1_234' title='bbox 333 2928 381 2975; x_wconf 82' lang='lat' dir='ltr'><strong>sed</strong></span> <span class='ocrx_word' id='word_1_235' title='bbox 397 2933 456 2990; x_wconf 76' lang='lat' dir='ltr'><strong>post</strong></span> <span class='ocrx_word' id='word_1_236' title='bbox 474 2930 585 2979; x_wconf 86' lang='lat' dir='ltr'><strong>attrect.</strong></span> <span class='ocrx_word' id='word_1_237' title='bbox 604 2940 628 2974; x_wconf 89' lang='lat' dir='ltr'><strong>w</strong></span> <span class='ocrx_word' id='word_1_238' title='bbox 646 2928 721 2976; x_wconf 78' lang='lat' dir='ltr'><strong>addit</strong></span> <span class='ocrx_word' id='word_1_239' title='bbox 746 2924 751 2987; x_wconf 77' lang='grc' dir='ltr'>Ι</span> <span class='ocrx_word' id='word_1_240' title='bbox 780 2928 929 2974; x_wconf 84' lang='lat' dir='ltr'><strong>attractau.</strong></span> <span class='ocrx_word' id='word_1_241' title='bbox 948 2924 968 2971; x_wconf 87' lang='lat' dir='ltr'>B</span> <span class='ocrx_word' id='word_1_242' title='bbox 987 2924 1004 2969; x_wconf 81' lang='grc'><strong><em>0</em></strong></span> <span class='ocrx_word' id='word_1_243' title='bbox 1020 2924 1044 2970; x_wconf 79' lang='lat' dir='ltr'>V</span> <span class='ocrx_word' id='word_1_244' title='bbox 1068 2920 1078 2989; x_wconf 66' lang='lat' dir='ltr'><strong>ll</strong></span> 
     </span>
     <span class='ocr_line' id='line_1_34' title="bbox 108 2988 1078 3059; baseline -0.005 -14"><span class='ocrx_word' id='word_1_245' title='bbox 108 2997 125 3045; x_wconf 87' lang='lat'>8</span> <span class='ocrx_word' id='word_1_246' title='bbox 143 3001 203 3059; x_wconf 77' lang='lat' dir='ltr'><strong>atq3</strong></span> <span class='ocrx_word' id='word_1_247' title='bbox 222 3010 285 3059; x_wconf 72' lang='lat' dir='ltr'><strong>epo:</strong></span> <span class='ocrx_word' id='word_1_248' title='bbox 304 2998 354 3042; x_wconf 88' lang='lat' dir='ltr'><strong>aut</strong></span> <span class='ocrx_word' id='word_1_249' title='bbox 371 2994 399 3041; x_wconf 73' lang='grc' dir='ltr'><strong>Η</strong></span> <span class='ocrx_word' id='word_1_250' title='bbox 416 2992 420 3056; x_wconf 85' lang='grc' dir='ltr'>Ι</span> <span class='ocrx_word' id='word_1_251' title='bbox 438 2995 581 3045; x_wconf 84' lang='lat' dir='ltr'><strong>obteratur</strong></span> <span class='ocrx_word' id='word_1_252' title='bbox 598 2992 787 3057; x_wconf 80' lang='lat' dir='ltr'><strong>magnitudine</strong></span> <span class='ocrx_word' id='word_1_253' title='bbox 805 3004 838 3051; x_wconf 78' lang='lat' dir='ltr'><strong>v,</strong></span> <span class='ocrx_word' id='word_1_254' title='bbox 856 2993 915 3041; x_wconf 82' lang='lat' dir='ltr'><strong>edd.</strong></span> <span class='ocrx_word' id='word_1_255' title='bbox 937 2988 947 3054; x_wconf 79' lang='grc' dir='ltr'><strong>ΙΙ</strong></span> <span class='ocrx_word' id='word_1_256' title='bbox 969 2992 999 3038; x_wconf 89' lang='grc'><strong>11</strong></span> <span class='ocrx_word' id='word_1_257' title='bbox 1019 2990 1078 3040; x_wconf 85' lang='lat' dir='ltr'><strong>eius</strong></span> 
     </span>
     <span class='ocr_line' id='line_1_35' title="bbox 107 3053 1079 3126; baseline -0.007 -15"><span class='ocrx_word' id='word_1_258' title='bbox 107 3063 164 3112; x_wconf 88' lang='lat' dir='ltr'><strong>mia</strong></span> <span class='ocrx_word' id='word_1_259' title='bbox 183 3077 274 3112; x_wconf 84' lang='lat' dir='ltr'><strong>comes</strong></span> <span class='ocrx_word' id='word_1_260' title='bbox 293 3064 364 3112; x_wconf 85' lang='lat' dir='ltr'><strong>Bert.</strong></span> <span class='ocrx_word' id='word_1_261' title='bbox 385 3058 395 3126; x_wconf 76' lang='grc' dir='ltr'><strong>[Ι</strong></span> <span class='ocrx_word' id='word_1_262' title='bbox 420 3062 452 3111; x_wconf 86' lang='grc'><strong>15</strong></span> <span class='ocrx_word' id='word_1_263' title='bbox 470 3062 526 3111; x_wconf 88' lang='lat' dir='ltr'><strong>sint</strong></span> <span class='ocrx_word' id='word_1_264' title='bbox 543 3062 616 3110; x_wconf 76' lang='lat' dir='ltr'><strong>edd:</strong></span> <span class='ocrx_word' id='word_1_265' title='bbox 637 3063 700 3110; x_wconf 86' lang='lat' dir='ltr'><strong>sunt</strong></span> <span class='ocrx_word' id='word_1_266' title='bbox 716 3061 743 3107; x_wconf 76' lang='grc' dir='ltr'><strong>Μ</strong></span> <span class='ocrx_word' id='word_1_267' title='bbox 767 3056 777 3122; x_wconf 83' lang='grc' dir='ltr'><strong>Ι]</strong></span> <span class='ocrx_word' id='word_1_268' title='bbox 803 3061 832 3108; x_wconf 84' lang='grc'><strong>17</strong></span> <span class='ocrx_word' id='word_1_269' title='bbox 853 3059 1011 3122; x_wconf 84' lang='lat' dir='ltr'><strong>excogitare</strong></span> <span class='ocrx_word' id='word_1_270' title='bbox 1029 3057 1052 3104; x_wconf 81' lang='grc' dir='ltr'><strong>Α</strong></span> <span class='ocrx_word' id='word_1_271' title='bbox 1069 3053 1079 3124; x_wconf 70' lang='lat' dir='ltr'><strong>ll</strong></span> 
     </span>
     <span class='ocr_line' id='line_1_36' title="bbox 108 3123 1079 3190; baseline -0.004 -11"><span class='ocrx_word' id='word_1_272' title='bbox 108 3131 141 3179; x_wconf 70' lang='lat'><strong>21</strong></span> <span class='ocrx_word' id='word_1_273' title='bbox 167 3134 195 3178; x_wconf 90' lang='lat' dir='ltr'><strong>et</strong></span> <span class='ocrx_word' id='word_1_274' title='bbox 219 3145 287 3178; x_wconf 89' lang='lat' dir='ltr'><strong>cura</strong></span> <span class='ocrx_word' id='word_1_275' title='bbox 310 3144 365 3178; x_wconf 90' lang='lat' dir='ltr'><strong>non</strong></span> <span class='ocrx_word' id='word_1_276' title='bbox 385 3129 605 3190; x_wconf 73' lang='lat' dir='ltr'><strong>Eyssenhardlua:</strong></span> <span class='ocrx_word' id='word_1_277' title='bbox 633 3143 687 3177; x_wconf 93' lang='lat' dir='ltr'><strong>non</strong></span> <span class='ocrx_word' id='word_1_278' title='bbox 710 3133 738 3176; x_wconf 87' lang='lat' dir='ltr'><strong>et</strong></span> <span class='ocrx_word' id='word_1_279' title='bbox 762 3141 828 3175; x_wconf 88' lang='lat' dir='ltr'><strong>cura</strong></span> <span class='ocrx_word' id='word_1_280' title='bbox 849 3128 877 3174; x_wconf 78' lang='lat'><strong>11</strong></span> <span class='ocrx_word' id='word_1_281' title='bbox 911 3123 920 3190; x_wconf 81' lang='grc' dir='ltr'><strong>[Ι</strong></span> <span class='ocrx_word' id='word_1_282' title='bbox 954 3127 987 3174; x_wconf 78' lang='lat'><strong>23</strong></span> <span class='ocrx_word' id='word_1_283' title='bbox 1010 3125 1079 3175; x_wconf 88' lang='lat' dir='ltr'><strong>uber</strong></span> 
     </span>
     <span class='ocr_line' id='line_1_37' title="bbox 109 3191 1079 3262; baseline -0.005 -16"><span class='ocrx_word' id='word_1_284' title='bbox 109 3212 173 3262; x_wconf 87' lang='lat' dir='ltr'><strong>app.</strong></span> <span class='ocrx_word' id='word_1_285' title='bbox 191 3199 224 3244; x_wconf 87' lang='lat' dir='ltr'>W</span> <span class='ocrx_word' id='word_1_286' title='bbox 248 3195 258 3262; x_wconf 86' lang='grc' dir='ltr'><strong>ΙΙ</strong></span> <span class='ocrx_word' id='word_1_287' title='bbox 282 3199 316 3246; x_wconf 73' lang='lat'><strong>24</strong></span> <span class='ocrx_word' id='word_1_288' title='bbox 334 3196 496 3262; x_wconf 83' lang='lat' dir='ltr'><strong>grandifera</strong></span> <span class='ocrx_word' id='word_1_289' title='bbox 513 3197 554 3259; x_wconf 75' lang='lat' dir='ltr'><strong>H,</strong></span> <span class='ocrx_word' id='word_1_290' title='bbox 573 3211 642 3246; x_wconf 84' lang='lat' dir='ltr'><strong>corr.</strong></span> <span class='ocrx_word' id='word_1_291' title='bbox 662 3195 795 3245; x_wconf 78' lang='lat' dir='ltr'><strong>Acidulius</strong></span> <span class='ocrx_word' id='word_1_292' title='bbox 818 3191 828 3258; x_wconf 80' lang='grc' dir='ltr'><strong>ΙΙ</strong></span> <span class='ocrx_word' id='word_1_293' title='bbox 851 3194 884 3243; x_wconf 79' lang='lat'><strong>25</strong></span> <span class='ocrx_word' id='word_1_294' title='bbox 901 3192 1079 3241; x_wconf 85' lang='lat' dir='ltr'><strong>maximorum</strong></span> 
     </span>
     <span class='ocr_line' id='line_1_38' title="bbox 107 3260 1079 3329; baseline -0.004 -16"><span class='ocrx_word' id='word_1_295' title='bbox 107 3279 278 3329; x_wconf 84' lang='lat' dir='ltr'><strong>quorumque</strong></span> <span class='ocrx_word' id='word_1_296' title='bbox 297 3280 357 3328; x_wconf 74' lang='lat' dir='ltr'><strong>epo:</strong></span> <span class='ocrx_word' id='word_1_297' title='bbox 385 3265 614 3327; x_wconf 84' lang='lat' dir='ltr'><strong>maximorumque</strong></span> <span class='ocrx_word' id='word_1_298' title='bbox 632 3264 659 3310; x_wconf 75' lang='grc' dir='ltr'><strong>Μ</strong></span> <span class='ocrx_word' id='word_1_299' title='bbox 682 3263 859 3312; x_wconf 87' lang='lat' dir='ltr'><strong>maximorum</strong></span> <span class='ocrx_word' id='word_1_300' title='bbox 880 3274 988 3325; x_wconf 90' lang='lat' dir='ltr'><strong>quoque</strong></span> <span class='ocrx_word' id='word_1_301' title='bbox 1010 3260 1079 3309; x_wconf 81' lang='lat' dir='ltr'><strong>Liui·</strong></span> 
     </span>
     <span class='ocr_line' id='line_1_39' title="bbox 109 3322 1078 3395; baseline -0.006 -13"><span class='ocrx_word' id='word_1_302' title='bbox 109 3334 181 3382; x_wconf 81' lang='lat' dir='ltr'><strong>netur</strong></span> <span class='ocrx_word' id='word_1_303' title='bbox 200 3332 377 3381; x_wconf 87' lang='lat' dir='ltr'><strong>maximorum</strong></span> <span class='ocrx_word' id='word_1_304' title='bbox 396 3331 604 3395; x_wconf 74' lang='lat' dir='ltr'><strong>Eyssenhardtur</strong></span> <span class='ocrx_word' id='word_1_305' title='bbox 627 3327 637 3395; x_wconf 85' lang='grc'><strong>[1</strong></span> <span class='ocrx_word' id='word_1_306' title='bbox 666 3332 699 3381; x_wconf 76' lang='grc'><strong>26</strong></span> <span class='ocrx_word' id='word_1_307' title='bbox 717 3326 782 3394; x_wconf 86' lang='lat' dir='ltr'><strong>iam]</strong></span> <span class='ocrx_word' id='word_1_308' title='bbox 801 3344 856 3379; x_wconf 92' lang='lat' dir='ltr'><strong>non</strong></span> <span class='ocrx_word' id='word_1_309' title='bbox 873 3329 896 3376; x_wconf 81' lang='grc' dir='ltr'><strong>Δ</strong></span> <span class='ocrx_word' id='word_1_310' title='bbox 921 3324 932 3392; x_wconf 73' lang='lat' dir='ltr'><strong>l</strong></span> <span class='ocrx_word' id='word_1_311' title='bbox 961 3328 994 3379; x_wconf 78' lang='grc'><strong>27</strong></span> <span class='ocrx_word' id='word_1_312' title='bbox 1014 3322 1078 3393; x_wconf 84' lang='lat' dir='ltr'><strong>quo]</strong></span> 
     </span>
     <span class='ocr_line' id='line_1_40' title="bbox 110 3397 506 3465; baseline -0.008 -17"><span class='ocrx_word' id='word_1_313' title='bbox 110 3414 191 3463; x_wconf 89' lang='lat' dir='ltr'><strong>quem</strong></span> <span class='ocrx_word' id='word_1_314' title='bbox 210 3414 235 3449; x_wconf 78' lang='lat' dir='ltr'>v</span> <span class='ocrx_word' id='word_1_315' title='bbox 258 3397 269 3465; x_wconf 74' lang='lat' dir='ltr'><strong>ll</strong></span> <span class='ocrx_word' id='word_1_316' title='bbox 292 3401 324 3450; x_wconf 80' lang='lat'><strong>28</strong></span> <span class='ocrx_word' id='word_1_317' title='bbox 343 3399 455 3448; x_wconf 81' lang='lat' dir='ltr'><strong>deniare</strong></span> <span class='ocrx_word' id='word_1_318' title='bbox 473 3400 506 3445; x_wconf 85' lang='lat' dir='ltr'>W</span> 
     </span>
    </p>
   </div>
   <div class='ocr_carea' id='block_1_5' title="bbox 0 0 1224 4012">
    <p class='ocr_par' dir='ltr' id='par_1_6' title="bbox 0 0 1224 4012">
     <span class='ocr_line' id='line_1_41' title="bbox 0 0 1224 4012; baseline 0 0"><span class='ocrx_word' id='word_1_319' title='bbox 0 0 1224 4012; x_wconf 95' lang='lat' dir='ltr'><strong> </strong></span> 
     </span>
    </p>
   </div>
  </div>
 </body>
</html>
