2406 4012
178 205 243 268 224
506 205 539 255 x.
571 203 719 255 raanan
736 202 817 254 Plu.

180 355 359 439 patientes,
388 353 443 417 ubi
470 352 618 416 meritum
640 355 732 415 tuum
753 350 917 417 testificati
945 352 1043 434 sunt,
1075 372 1152 415 mor·

180 440 255 504 talis
277 440 364 503 uisus
387 437 571 521 contagium
592 436 792 520 refugenmt.
834 434 890 499 sed
912 456 1079 518 quaenam
1099 435 1153 499 ills
1191 446 1194 517 j

181 525 280 588 trisse
308 523 426 586 dicitur
453 520 598 604 species?
634 521 689 604 qui
715 520 810 604 uigor
837 519 1037 603 corporum?
1076 540 1152 605 quse
1189 534 1194 589 1

184 606 361 692 amplitudo
383 604 619 669 membrorum?
650 626 730 688 quae
752 603 902 668 alacritas
923 602 1152 669 uoluntatem?

157 692 364 776 sflagrabant
392 690 566 755 uerendum
598 688 707 753 nescio
735 688 811 772 quid
838 688 997 753 umbones
1032 688 1153 753 corusci
1190 746 1194 759 .

183 780 216 840 et
238 774 421 840 caelestium
448 795 609 838 armorum
631 774 686 836 lux
707 772 860 836 terribilis
887 771 1041 837 ardebat:
1078 772 1154 837 tales
1190 766 1194 823 f

183 860 269 924 enim
303 862 460 924 uenerant
492 863 528 921 ut
561 859 609 921 tui
642 857 855 922 crederentur.
899 855 980 921 haec
1012 857 1153 940 ipsorum

184 944 418 1026 sermocinatio,
435 943 496 1007 hoo
513 945 598 1006 inter
612 943 776 1006 audientes
792 940 960 1005 serebant:
985 939 1154 1005 ‘Constan-

184 1030 288 1093 tinum
310 1029 465 1113 petimus,
494 1026 708 1093 Constantino
734 1026 817 1090 imus
845 1024 991 1090 auxilio'.
1037 1025 1155 1089 habent

147 1132 173 1171 ιο
185 1114 330 1198 profecto
353 1114 449 1177 etiam
473 1112 582 1176 diuina
603 1111 787 1175 iactantiam
810 1113 843 1174 et
858 1108 1011 1173 caelestia
1034 1128 1155 1195 quoque
1192 1122 1194 1129 '

185 1197 293 1281 tangit
314 1197 455 1260 ambitio.
499 1197 548 1259 illi
578 1196 665 1259 caelo
688 1196 788 1278 lapsi,
816 1194 866 1257 illi
888 1193 1048 1259 diuinitus
1069 1192 1155 1258 missi

185 1281 408 1364 gloriabantur
449 1279 532 1362 quod
568 1280 629 1342 tibi
665 1279 862 1344 militabant.
913 1278 1055 1343 ducebat
1089 1278 1154 1359 hos,

186 1364 295 1447 credo,
333 1363 540 1429 Constantius
573 1367 665 1445 pater
702 1364 756 1447 qui
792 1366 951 1427 terrarum
985 1360 1155 1446 triumphis

187 1449 294 1512 altiori
321 1449 382 1511 tibi
410 1450 563 1530 cesserat,
595 1450 670 1513 dum
693 1448 819 1512 diuinas
848 1446 1073 1531 expeditiones
1096 1447 1155 1511 iam

149 1553 175 1592 rs
188 1533 280 1597 diuus
313 1533 468 1618 agitabat.
514 1554 651 1616 magnus
684 1532 738 1596 hic
766 1552 892 1616 quoque
923 1531 1059 1614 pietatis
1085 1534 1156 1595 tuae

186 1617 310 1683 fructus
336 1623 385 1696 ut,
415 1617 560 1700 quamuis
588 1616 750 1700 particeps
779 1617 875 1696 caeli,
906 1616 1100 1700 ampliorem
1125 1634 1156 1679 se

186 1703 256 1767 fieri
278 1703 385 1786 gratia
406 1705 462 1766 tua
491 1702 636 1767 senserit.
682 1703 715 1764 et
744 1701 832 1764 cuius
858 1722 993 1763 munera
1021 1700 1058 1765 in
1080 1698 1156 1764 alios

188 1787 320 1850 influere
355 1787 419 1850 iam
446 1789 597 1869 possunt,
634 1785 668 1849 in
696 1807 768 1849 eum
800 1786 906 1868 ipsum
932 1786 991 1848 tua
1024 1804 1157 1849 munera

188 1870 416 1934 redundarunt.

150 1975 175 2013 ao
251 1953 324 2016 XV.
354 1953 455 2018 Cedat
469 1954 530 2016 tibi
551 1975 618 2018 non
636 1954 813 2018 recentium
833 1953 1037 2017 saeculorum
1058 1950 1157 2035 modo,

188 2035 244 2100 sed
265 2037 364 2100 totius
387 2037 558 2100 memoriae
581 2041 733 2120 uetustas,
756 2038 900 2120 quamuis
923 2037 980 2100 illa
1001 2036 1086 2101 recti
1106 2058 1157 2119 ap

188 2127 301 2205 petens
324 2123 357 2184 et
378 2120 468 2184 nullo
489 2143 641 2205 umquam
663 2122 698 2185 in
720 2121 825 2186 officio
848 2121 1024 2205 deprauata
1045 2119 1158 2207 glorie

188 2210 241 2269 tur
262 2226 360 2289 penes
389 2227 422 2269 se
445 2206 626 2270 sanctitatis
648 2206 771 2270 famam
798 2207 935 2270 stetisse.
980 2205 1037 2270 sed
1059 2204 1159 2270 necle·

190 2295 309 2439 guntur
331 2291 501 2374 praeconia
522 2291 704 2374 hominum,
732 2290 788 2355 ubi
816 2293 1016 2374 quaeruntur
1044 2288 1159 2355 iudicia

152 2395 177 2436 as
211 2376 310 2440 iuina.
339 2376 388 2439 illi
409 2376 509 2460 igitur
526 2379 661 2458 ueteres,
683 2374 805 2440 laudati
827 2375 911 2439 uitae
933 2374 1158 2457 moderatores,

190 2461 245 2544 qui
273 2460 472 2524 refrenandis
506 2460 733 2544 cupiditatibus
766 2461 911 2524 restricte
945 2462 1159 2543 contenteque

190 2545 354 2624 uixerunt,
384 2567 518 2628 quorum
545 2545 649 2610 omnis
678 2548 766 2608 aetas
795 2544 893 2609 armis
924 2543 1157 2625 conterebatur,

190 2629 318 2708 quando
339 2631 463 2692 tantam
486 2630 520 2691 in
543 2631 663 2712 proelio
686 2629 827 2693 diuinam
849 2649 943 2712 opem
963 2649 1026 2711 pro
1048 2626 1158 2693 merito

191 2709 389 2792 integritatis
411 2711 615 2776 habuerunt?
653 2716 705 2796 ut,
736 2713 790 2796 qui
817 2713 914 2797 longe
941 2734 961 2775 a
988 2710 1158 2777 uirtutibus

193 2845 396 2856 ——-.-.

259 2915 274 2962 2
293 2914 468 2979 refugierunt
485 2914 641 2981 1³0ku
658 2919 675 2967 4
693 2935 726 2967 arr
744 2917 828 2968 alacr.
848 2917 1035 2968 uolitantum?
1050 2917 1062 2986 fl
1082 2922 1099 2971 t
1116 2916 1159 2984 qui

191 2979 227 3030 dri
249 2982 448 3033 bonescorusci
469 2982 492 3032 A
515 2984 631 3035 umbone
653 2986 673 3033 B
693 2986 710 3034 c
728 2986 749 3033 V
766 2988 799 3033 W
829 2982 839 3050 l
867 2986 884 3035 8
907 2986 995 3036 sereb.
1014 2987 1052 3037 Ar
1080 2986 1160 3037 fereb.

192 3050 338 3098 ΗΠ]
358 3048 368 3116 ΙΙ
392 3054 497 3102 liunus
514 3054 537 3101 A
561 3049 571 3117 ss
597 3055 628 3103 10
646 3048 739 3118 etiam]
760 3055 822 3101 etc
846 3050 856 3117 ss
882 3054 913 3102 14
931 3052 1016 3103 altior
1034 3069 1059 3104 v
1078 3054 1083 3121 Ι
1102 3054 1160 3105 dum

192 3120 297 3169 addidi:
315 3135 362 3168 om.
382 3121 410 3166 Μ
433 3117 443 3184 ΙΙ
468 3123 499 3171 16
517 3123 549 3169 ut
565 3121 669 3170 addidi:
688 3136 735 3169 om.
753 3122 789 3183 li,
812 3119 882 3184 qnod
900 3121 959 3171 edd.
974 3118 980 3185 Ι
996 3123 1130 3188 ampliore
1145 3120 1159 3169 e

192 3182 201 3251 ΙΙ
225 3188 256 3236 17
274 3203 308 3235 an
325 3185 413 3250 gloria
431 3190 500 3236 tua?
530 3185 540 3252 ΙΙ
571 3190 602 3238 18
620 3192 736 3253 possunt
754 3203 814 3251 epo:
833 3187 941 3252 possint
960 3188 988 3235 Π
1006 3194 1121 3253 possent
1138 3194 1160 3239 st

193 3253 370 3303 redundarint
388 3254 522 3305 Acidaliae
542 3253 552 3319 ΙΙ
576 3258 609 3305 20
628 3250 694 3321 uon]
714 3269 786 3304 nunc
803 3253 826 3303 A
849 3253 859 3319 ΙΙ
884 3256 914 3304 21
933 3260 1070 3307 memoria
1087 3258 1159 3307 uetu-

193 3323 276 3371 statis
288 3323 414 3385 Jaeperus
431 3318 440 3384 l
458 3324 490 3371 22
509 3322 662 3387 deprauata
680 3324 709 3371 in
727 3321 821 3372 officio
839 3324 970 3371 ΗΠ
981 3320 992 3388 ΙΙ
1011 3326 1045 3376 23
1064 3324 1160 3375 famam

194 3389 306 3437 stetisse
322 3403 359 3438 w:
377 3389 452 3438 fama
469 3389 611 3440 instetisse
629 3392 657 3437 li
680 3387 685 3453 Ι
708 3392 790 3439 malim
807 3392 933 3441 stetisse:
953 3386 1157 3457 neclegenter!

194 3467 244 3502 nec
260 3455 389 3519 leguntur
405 3457 432 3503 Μ
448 3453 459 3519 ΙΙ
476 3457 509 3505 24
526 3456 630 3507 indicia
647 3459 670 3506 A
686 3454 697 3521 ΙΙ
718 3458 751 3507 25
770 3453 868 3524 igitur]
887 3473 953 3523 ergo
971 3458 1005 3507 W
1022 3456 1033 3524 fl
1050 3462 1084 3511 26
1101 3472 1160 3511 con·

193 3522 322 3584 tantoque
340 3523 487 3572 Liuineius:
506 3529 667 3590 compteque
685 3521 789 3590 11127
809 3525 1000 3577 conticebatur
1018 3528 1042 3576 V
