2406 4012
261 100 476 153 assemsum
493 101 602 153 ACTIO
623 100 785 153 IULIANO.
803 105 896 153 9-12.
997 101 1060 166 253

80 254 305 339 separaretur.
349 251 424 315 inde
450 249 532 315 nihil
565 250 761 315 necessariae
789 252 1060 316 substructionum

80 338 124 405 in
153 336 289 401 aedibus
317 335 431 418 moles,
461 335 612 419 ingentes
627 335 817 399 ’aulicorum
845 338 991 399 cateruae
1017 336 1061 400 le·

81 424 228 509 gionum
269 423 431 504 sumptum
467 418 564 482 facile
606 420 789 484 uincebant.
845 420 923 504 quin
965 421 1060 484 etiam

80 506 301 593 prandiorum
335 507 430 587 atque
458 525 607 567 cenarum
634 504 794 568 laboratas
821 504 1075 588 magnitudines

81 589 294 675 respublica
316 588 485 670 sentiebat,
511 610 582 652 cum
598 589 851 673 quaesitissimae
875 590 972 671 dapes
995 610 1086 653 nona

87 678 208 759 gustu,
243 672 300 737 sed
333 672 575 736 difficultatibus
612 674 870 753 aestimarentur,
907 674 1061 738 miracula

83 760 211 841 auium,
233 758 404 841 longinqui
424 757 522 820 maris
537 757 651 840 pisces,
676 758 773 820 alieni
786 759 940 840 temporis
955 779 1060 840 poma,

90 846 236 909 aestiuas
257 842 359 923 niues,
381 841 534 904 hibernae
556 863 656 904 rosae.
694 840 773 905 haec
797 844 913 905 cuncta
935 843 1061 906 animus

90 927 297 1011 uoluptatum
324 925 467 989 omnium
493 925 597 989 uictor
623 926 750 989 abiecit.
795 947 897 1009 neque
924 927 1009 989 enim
1032 927 1062 989 ei

196 1011 255 1073 dae
282 1013 358 1073 sunt
379 1010 556 1092 picturatae
583 1031 778 1073 marmorum
805 1013 930 1074 crustae
958 1015 990 1074 et
1012 1031 1100 1074 so-1c

88 1032 264 1161 lidbfflauro
285 1096 373 1157 tecta
393 1094 558 1176 laquearia
580 1095 634 1177 qui
657 1096 808 1159 maiorem
837 1096 915 1158 anni
937 1097 1061 1179 partem

89 1182 128 1245 in
150 1178 238 1242 nuda
256 1177 353 1241 humo
377 1179 472 1241 cubet
494 1182 526 1242 et
549 1179 636 1242 caelo
651 1180 777 1243 tantum
791 1183 935 1263 tegatur3
958 1202 1061 1263 neque

90 1264 208 1329 turbae
235 1263 421 1326 institorum
450 1284 488 1327 ac
516 1262 646 1326 deliciae
672 1264 892 1328 ministrorum
922 1265 1061 1328 suitam

90 1369 199 1432 pauca
219 1349 285 1410 sint
306 1347 532 1431 ministranda,
555 1369 659 1431 neque
673 1349 836 1431 impensus
852 1349 1017 1444 epularum
1033 1349 1062 1412 ei

90 1433 149 1517 qui
171 1431 298 1514 saepius
320 1431 488 1494 statarium
509 1433 679 1514 prandium
702 1433 742 1495 ad
764 1435 987 1496 necessitatem
1004 1431 1061 1494 hu·
1076 1456 1100 1492 15

91 1516 184 1581 mani
208 1516 349 1599 corporis
377 1517 483 1599 capiat
504 1515 647 1600 gaudens
677 1518 831 1580 castrensi
855 1516 939 1597 cibo,
969 1515 1061 1578 mini-

92 1600 195 1665 sterio
217 1600 313 1664 obuio
337 1602 369 1663 et
390 1600 504 1683 poculo
526 1600 678 1664 fortuito?

157 1683 232 1748 ΧΠ.
278 1682 338 1748 Sed
366 1685 450 1748 inter
476 1684 556 1747 haec
583 1685 694 1747 mirari
722 1684 799 1747 satis
826 1703 949 1767 nequeo
977 1682 1062 1767 quod

91 1772 162 1833 tam
186 1789 294 1832 seuere
315 1790 430 1851 parcus
451 1769 486 1832 in
508 1771 609 1832 semet
636 1768 671 1832 in
693 1769 778 1833 ciues
802 1789 875 1832 suos
896 1772 963 1831 tam
985 1768 1061 1832 libe-

90 1853 170 1917 ralis
194 1856 243 1917 est
264 1874 302 1916 ac
315 1853 476 1936 remissus,
499 1852 644 1917 laborum
661 1854 835 1938 asperrima
856 1853 918 1917 sibi
933 1874 1061 1917 sumens
1076 1876 1100 1915 ao

92 1940 131 2001 ut
151 1958 211 2001 nos
234 1937 349 2020 quietis
370 1938 466 2002 rebus
489 1938 655 2022 agitemus,
681 1960 753 2004 cum
775 1937 854 2002 illud
876 1960 935 2002 usu
951 1939 1061 2003 uenire

92 2021 388 2087 animaduertamus
418 2025 454 2084 ut
475 2024 530 2105 qui
551 2027 708 2086 remotam
736 2045 755 2086 a
778 2023 994 2105 uoluptatibus
1016 2023 1062 2085 ui-

92 2111 162 2170 tem
189 2110 363 2189 sequantur
385 2106 532 2170 difficiles
561 2111 593 2171 et
614 2109 732 2171 morosi
754 2108 835 2189 sint,
864 2107 927 2169 sibi
948 2127 1062 2188 parum

92 2190 188 2270 lacti,
222 2190 277 2254 sed
305 2190 375 2254 aliis
403 2191 577 2274 tristiores,
609 2194 747 2254 maestas
780 2194 876 2272 atque
910 2189 1061 2252 sollicitas
1120 2248 1123 2252 .

93 2276 194 2339 etiam
215 2275 358 2357 priuatas
385 2273 495 2338 domos
521 2275 652 2338 faciant.
697 2278 730 2337 at
757 2273 977 2337 sanctissimus
1004 2274 1061 2336 im·
1075 2291 1100 2330 aa

92 2361 226 2443 perator
247 2359 391 2442 impense
414 2360 521 2423 studet
541 2364 579 2421 ut
600 2380 659 2421 nos
681 2379 740 2441 pro
761 2358 918 2440 dignitate
941 2356 1061 2420 habite-

92 2465 181 2526 mus,
214 2448 251 2506 ut
280 2443 453 2507 commodis
487 2442 671 2525 affluamus,
705 2445 741 2506 ut
772 2443 892 2506 castam
925 2441 1062 2525 quidem,

93 2528 151 2592 sed
172 2527 307 2591 hilarem
331 2528 483 2591 ducamus
510 2531 661 2610 aetatem,
694 2549 766 2591 cum
794 2527 873 2590 alios
901 2527 1062 2612 principes

92 2612 186 2676 labor
206 2614 328 2695 truceS,
356 2613 505 2677 remissos
534 2612 655 2676 desidia
682 2612 855 2676 reddiderit
877 2634 1063 2696 semperque

97 2786 299 2795 ——-—-——

164 2888 177 2934 l
199 2892 342 2950 separetur
359 2888 391 2934 W
415 2885 419 2950 Ι
444 2886 660 2935 suhtructionum
677 2885 700 2933 Δ
718 2886 750 2932 W
768 2884 984 2933 subtractionem
1002 2885 1024 2931 V
1049 2883 1061 2947 ll

93 2956 110 3002 2
134 2953 299 3002 auxiliorum
318 2955 407 3002 cato
436 2951 446 3017 ΙΙ
475 2956 492 3003 4
515 2952 668 3002 elaboratas
687 2965 711 2999 w
741 2949 751 3016 ΙΙ
782 2953 796 2999 9
821 2952 847 2998 ei
865 2949 1007 3014 parandae
1024 2964 1062 2999 w:

94 3020 255 3085 sperandae
273 3022 300 3069 Ι
319 3019 476 3085 sperandae
495 3020 570 3070 Beri.
593 3018 791 3083 comparandae
808 3019 868 3070 cdd.
892 3016 902 3083 ss
929 3019 958 3066 10
976 3017 1064 3081 pictu-

92 3092 174 3137 ratae
193 3090 267 3138 edd:
293 3089 399 3153 picture
417 3091 445 3136 Η
473 3086 483 3153 ΙΙ
515 3090 545 3138 13
566 3088 724 3137 institorum
741 3087 848 3149 scripsi:
876 3084 1064 3134 institutorum

93 3155 120 3202 Ι
147 3156 152 3218 l
180 3171 212 3205 ac
229 3155 347 3205 deliciae
365 3157 473 3220 scripsi:
501 3156 537 3204 ad
555 3154 670 3204 delicias
686 3156 714 3203 1
740 3153 744 3215 Ι
772 3154 798 3203 ei
822 3153 868 3202 oui
885 3154 1017 3202 Liuineius
1047 3149 1060 3217 ll

94 3224 128 3272 14
151 3225 255 3274 sunta
281 3225 287 3285 Ι
312 3225 451 3288 impensus
473 3225 582 3286 scripsi:
608 3231 714 3287 tempus
737 3224 765 3269 Η
788 3226 911 3283 sumptus
934 3221 1064 3283 Hauptius

95 3288 108 3356 Η
141 3291 172 3340 16
190 3291 339 3341 ministerio
359 3292 489 3355 Hauptius
507 3292 595 3340 Herm.
613 3291 660 3340 IV
677 3307 701 3353 p.
722 3293 788 3338 1⁵2.-
806 3289 928 3337 ministro
946 3291 974 3336 Η
996 3286 1007 3353 ΙΙ
1031 3290 1063 3338 22

94 3357 345 3409 animaduertsmus
363 3362 381 3407 0
397 3357 407 3423 ll
428 3360 461 3408 ‘25
480 3361 563 3408 etiam
580 3359 603 3407 Δ
621 3360 638 3405 0
657 3360 679 3406 V
696 3356 786 3408 Besa:
805 3361 833 3405 et
850 3357 871 3403 B
888 3356 921 3404 W
937 3353 947 3420 ΙΙ
969 3359 1002 3407 26
1020 3355 1062 3424 ut]

93 3427 165 3475 atA
