2406 4012
291 214 521 268 consummo
540 214 695 266 causum
711 215 746 267 n.
771 218 879 268 11-14.
1010 215 1069 279 141

97 367 177 430 rent
203 384 265 428 nec
287 363 420 429 consilio
441 363 660 428 intermissum
686 386 754 430 esse
775 367 910 448 bellum,
940 366 996 429 sed
1019 365 1070 430 de-

98 448 288 534 speratione
304 447 457 512 omissum
472 448 647 532 crederent,
671 450 749 514 adeo
764 453 878 517 utiam
893 452 1070 515 communis

99 531 368 682 attat&
384 531 1070 703 ,ttttttlptttt{ttttsstt
1151 642 1156 651 -

99 704 187 766 taret
208 700 387 786 imperium.
1083 721 1095 762 5

166 784 257 850 XIII.
302 783 374 849 Hoc
396 784 496 869 igitur
517 785 637 849 bellum
658 791 724 850 tam
747 789 977 868 necessarium,
1003 790 1070 851 tam

99 869 234 934 difficile
255 868 354 952 aditu,
377 872 445 933 tam
464 868 698 954 inueteratum,
710 874 777 935 tam
799 874 990 937 instructum
1012 872 1068 951 ita,

98 953 237 1036 Caesar,
266 974 437 1038 aggressus
460 973 494 1017 es
516 957 566 1037 ut,
590 955 699 1018 statim
721 959 816 1040 atque
838 956 894 1020 illo
916 956 1070 1019 infestum

98 1037 279 1103 maiestatis
301 1040 376 1101 tuae
397 1037 520 1101 fulmen
541 1038 740 1120 intenderas,
765 1040 945 1105 confectum
968 1039 1069 1103 omni-

99 1122 161 1187 bus
190 1121 360 1186 uideretur.
405 1143 482 1186 nam
509 1123 613 1205 primo
643 1124 785 1187 omnium
815 1124 863 1210 (in
892 1146 954 1206 quo
979 1144 1108 1207 prae-10

101 1207 197 1290 cipue
219 1205 453 1270 consulendum
474 1206 562 1291 fuit),
584 1228 625 1271 ne
648 1208 722 1292 quid
744 1209 899 1274 barbarae
920 1209 1069 1273 nationes

100 1311 257 1355 conuerso
279 1290 355 1354 illuc
377 1291 508 1354 numine
529 1294 585 1354 tuo
606 1313 726 1357 nouare
747 1296 957 1378 temptarent,
979 1295 1068 1356 inuo-

100 1378 177 1440 cata
209 1373 310 1457 patris
337 1374 385 1438 tui
417 1374 584 1439 maiestate
616 1378 781 1459 prouisum
814 1382 873 1442 est.
917 1381 953 1442 tu
984 1378 1069 1441 enim

99 1460 181 1543 ipse,
204 1461 240 1523 tu
254 1458 381 1522 domine
396 1457 602 1542 Maximiane,
626 1462 800 1545 imperator
821 1465 960 1545 aeterne,
982 1481 1068 1524 nouo

97 1542 227 1608 itineris
256 1541 445 1626 compendio
474 1543 648 1608 aduentum
677 1545 856 1609 diuinitatis
881 1550 954 1609 tuae
983 1561 1108 1608 acce-1⁵

99 1628 204 1693 lerare
227 1626 377 1711 dignatus
406 1631 538 1711 repente
560 1626 675 1692 Rheno
704 1629 852 1693 institisti
881 1649 1070 1711 omnemque

98 1711 194 1776 illum
225 1711 362 1775 limitem
397 1733 463 1775 non
496 1712 696 1794 equestribus
732 1733 835 1795 neque
867 1711 1069 1796 pedestribus

100 1795 219 1879 copiis,
264 1795 320 1859 sed
354 1796 556 1879 praesentiae
592 1799 667 1860 tuae
706 1799 827 1861 terrore
862 1798 985 1861 tutatus
1026 1817 1068 1860 es.

98 1879 319 1964 quantoslibet
346 1879 474 1944 ualebat
501 1881 657 1946 exercitus
681 1880 896 1947 Maximianus
924 1881 959 1945 in
986 1882 1068 1964 ripa.

99 1968 139 2027 tu
168 1985 257 2043 uero,
292 1963 412 2028 inuicte
442 1963 568 2048 Caesar,
601 1966 766 2030 instructis
799 1968 992 2051 armatisque
1023 1966 1068 2030 di·
1082 1985 1107 2024 20

100 2049 206 2113 uersis
234 2048 387 2112 classibus
413 2049 459 2112 ita
480 2049 606 2114 hostem
627 2051 785 2116 incertum
814 2052 999 2135 consiliique
1022 2051 1068 2113 in·

99 2153 197 2216 opem
222 2132 388 2196 reddidisti
415 2136 451 2196 ut
472 2137 551 2198 tunc
573 2135 710 2218 denique
738 2138 874 2201 senserit
898 2134 981 2222 quod
1003 2155 1069 2198 non

98 2217 244 2281 munitus
267 2221 351 2281 esset
371 2238 501 2300 oceane,
525 2220 580 2282 sed
602 2220 754 2284 inclusus.

164 2299 254 2365 XIV.
283 2300 355 2366 Hoc
377 2301 447 2365 loco
469 2303 560 2366 uenit
581 2303 616 2366 in
634 2305 774 2367 mentem
797 2303 877 2366 mihi
899 2324 994 2385 quam
1017 2303 1069 2366 de-

99 2383 200 2448 licata
221 2384 348 2449 illorum
364 2386 549 2470 principum
570 2386 670 2450 fuerit
691 2387 726 2450 in
748 2387 1000 2450 administranda
1020 2409 1067 2451 re·
1082 2404 1107 2446 25

124 2469 231 2533 ublica
252 2471 285 2533 et
306 2468 511 2553 adipiscenda
532 2467 626 2534 laude
642 2469 792 2553 felicitas,
817 2470 931 2554 quibus
946 2470 1068 2535 Romae

98 2491 293 2638 degentibus
308 2554 464 2652 triumphi
486 2557 518 2618 et
540 2554 734 2639 cognomina
756 2554 952 2619 deuictarum
975 2577 994 2619 a
1014 2556 1069 2619 du-

99 2638 193 2703 cibus
227 2639 292 2702 suis
325 2642 472 2723 gentium
504 2638 747 2722 prcueniebant,
796 2639 903 2722 itaque
936 2639 1067 2724 Fronto,

98 2721 264 2786 Romanae
297 2722 499 2806 eloquentiae
531 2745 596 2787 non
626 2724 815 2808 secundum,
850 2725 906 2788 sed
933 2725 1068 2790 alterum

99 2805 215 2889 decus,
246 2827 319 2870 cum
340 2807 414 2871 belli
438 2809 472 2871 in
494 2806 667 2874 Britannia
689 2811 830 2875 confecti
851 2808 976 2874 laudem
1000 2812 1068 2874 An·
1082 2825 1107 2864 8⁰

97 2889 217 2954 tonino
249 2890 388 2974 principi
415 2892 521 2975 daret,
559 2895 705 2978 quamuis
733 2894 787 2959 ille
821 2895 856 2958 in
884 2895 953 2977 ipso
981 2895 1069 2959 urbis

171 3131 185 3178 l
199 3143 260 3178 essc
273 3127 376 3179 bellum
388 3128 544 3180 Ument:
558 3130 658 3180 bellum
670 3145 731 3181 csse
743 3131 822 3180 ΒΗ
834 3129 844 3196 11
857 3134 872 3182 2
891 3132 1026 3181 communi
1044 3145 1069 3179 w

100 3196 191 3246 omnis
203 3211 293 3260 paene
302 3195 388 3258 Bora,
399 3198 466 3247 unde
478 3198 551 3247 omui
563 3214 651 3263 paene
665 3199 747 3263 (pene
757 3195 794 3264 H)
808 3197 1070 3251 timorcFrMcdr'us

99 3260 144 3325 114
162 3264 236 3312 tanti
254 3263 375 3314 criminis
393 3266 526 3316 Limnetes
542 3262 553 3329 11
569 3267 584 3315 9
602 3265 702 3316 flumen
720 3263 760 3330 01
778 3268 810 3317 10
827 3267 956 3316 uideatur
974 3267 997 3314 A
1038 3267 1069 3317 13

100 3326 155 3396 tui]
177 3335 224 3382 tus
242 3328 283 3396 01
301 3332 332 3382 15
352 3330 509 3383 accelerare
528 3360 561 3368 -
580 3334 612 3383 18
631 3333 807 3397 praescntiae
826 3339 892 3383 tuae
911 3349 956 3384 om.
975 3335 997 3381 V
1036 3336 1070 3384 26

102 3403 132 3446 et
150 3397 195 3452 ad.
214 3396 295 3448 laude
314 3398 403 3450 uera.-
423 3406 451 3450 et
468 3399 513 3450 ad.
531 3400 598 3465 reip.
618 3399 700 3450 laude
718 3403 735 3449 0
753 3401 786 3449 W
804 3404 832 3451 et
850 3398 891 3451 sd.
911 3417 968 3467 rcp.
987 3401 1068 3452 laude

100 3465 125 3513 Δ
140 3465 163 3582 tB
180 3464 262 3582 lauqc
280 3466 301 3514 V
318 3483 365 3518 cm.
384 3472 412 3517 et
430 3464 498 3532 adn
515 3469 548 3519 27
568 3467 712 3520 aduicibus
730 3465 779 3533 111
796 3470 828 3519 28
846 3482 956 3533 pernen.
974 3468 1019 3536 All
1037 3473 1070 3522 30

102 3546 138 3580 an
152 3547 216 3583 omo
