2406 4012
132 167 173 233 56
459 167 480 217 1.
510 165 773 220 commissu.
978 242 981 247 Ι
1099 39 1145 205 d

133 320 196 402 aut,
226 318 253 381 si
281 320 383 401 putet,
413 318 506 380 amet.
555 314 649 379 debes
678 336 764 399 ergo,
794 314 921 398 Caesar,
952 317 987 378 et
1008 316 1109 380 solcis
1142 384 1145 397 ¹

132 407 174 486 et,
197 424 270 466 cum
284 405 334 466 ter
350 401 494 464 consules
509 399 602 480 facis,
625 420 694 463 non
715 398 776 462 tibi
790 420 926 482 magnus
944 399 1110 484 princeps,
1142 470 1145 475 ,

132 488 187 551 sed
215 508 284 552 non
312 487 459 570 ingratus
487 483 607 547 amicus
635 483 764 552 uideris.
808 484 1009 565 quinetiam
1037 506 1110 568 pcr-

134 593 230 654 quam
252 570 378 634 modica
400 568 555 652 quaedam
577 567 695 631 ciuium
716 567 831 631 merita
859 568 1010 632 fortunae
1033 574 1109 634 tuae

108 655 259 719 suiribus
286 655 321 717 in
351 653 453 717 maius
480 652 618 716 extollis.
668 651 769 715 efficis
798 651 884 715 enim
913 655 950 715 ut
978 655 1106 717 tantum

133 738 202 836 tibi
224 738 357 822 quisque
384 737 580 820 praestitisse
608 734 756 800 uideatur
782 739 938 819 quantum
961 758 981 800 a
1003 738 1037 800 te
1059 758 1105 802 re·
1141 746 1145 821 J

133 825 228 906 cep1t.
265 821 342 906 quid
364 821 418 885 isti
432 820 635 917 ‘benignitati
657 819 795 916 precer‘l·
827 820 892 883 nisi
918 822 957 884 ut
979 841 1108 904 semper

135 907 275 991 obliges,
305 906 457 990 obligens
485 907 704 987 incertumque
733 904 833 968 facias
861 907 972 968 utrum
1001 905 1105 990 magis

135 992 283 1076 expediat
305 991 428 1054 ciuibus
450 991 514 1054 tuis
538 989 652 1053 debere
673 988 734 1051 tibi
757 1010 798 1052 an
821 987 1035 1072 praestitisse.

95 1097 120 1136 10
198 1075 281 1143 LXI.
317 1075 475 1158 Equidem
496 1075 588 1138 illum
606 1072 773 1156 antiquum
796 1075 942 1136 senatum
959 1073 1105 1137 contueri

133 1159 274 1242 uidebar,
304 1181 375 1222 cum
403 1161 453 1221 ter
476 1157 605 1222 consule
634 1156 793 1221 assidente
822 1157 918 1220 tertio
940 1157 1105 1222 consulem

134 1243 338 1327 designatum
373 1242 481 1325 rogari
527 1241 722 1306 sententiam
758 1262 930 1304 cernerem.
991 1242 1106 1325 quanti

132 1331 210 1390 tunc
232 1326 280 1389 illi
308 1328 507 1408 quantusque
529 1327 581 1389 tu!
621 1325 740 1390 accidit
761 1325 889 1408 quidem
910 1328 947 1390 ut
969 1346 1107 1410 corpora

134 1411 309 1559 quamlibet
341 1410 441 1474 ardua
476 1413 507 1475 et
546 1409 670 1474 excelsa
705 1409 939 1493 procerioribus
974 1411 1107 1474 admota

96 1514 121 1555 15

157 1498 336 1577 ecresoant3
377 1494 455 1558 item
491 1497 527 1558 ut
563 1493 736 1558 altissimae
773 1493 891 1558 ciuium
929 1493 1107 1579 dignitates
1134 1532 1140 1549 ·

134 1580 305 1645 collatione
333 1579 457 1663 fastigii
479 1579 526 1642 tui
554 1580 646 1663 quasi
676 1578 895 1661 deprimantur
922 1582 1105 1663 quantoque

132 1666 263 1750 propius
292 1664 332 1729 ad
354 1662 613 1748 magnitudinem
634 1666 723 1727 tuam
751 1660 955 1726 ascenderint
976 1666 1105 1726 tantum

135 1750 231 1814 etiam
254 1771 272 1812 a
294 1771 352 1813 sua
374 1748 579 1844 descendisse·
596 1746 774 1844 uideantur.
819 1745 891 1809 illos
919 1750 1032 1811 tamen
1060 1750 1107 1831 tu,

94 1831 674 1980 ..tttttatstntlltttlt1
698 1851 965 1997 dilltre’sitll
982 1830 1108 1980 &titt

136 2003 290 2080 quantum
312 1998 398 2062 infra
419 2000 451 2062 te
467 2001 681 2062 cernerentur.
716 1999 743 2062 si
764 2000 860 2062 unius
882 1999 1014 2063 tertium
1030 2020 1108 2065 con-

135 2083 273 2147 sulatum
308 2083 444 2148 eundem
476 2083 511 2146 in
544 2104 664 2146 annum
696 2083 731 2147 in
760 2105 853 2163 quem
878 2086 969 2147 tuum
993 2087 1107 2148 contu·

134 2168 236 2246 lisseS,
259 2167 402 2251 ingentis
425 2167 525 2231 animi
547 2167 709 2250 specimen
731 2166 911 2232 haberetur.
958 2171 998 2232 ut
1020 2169 1108 2232 enim

133 2251 300 2317 felicitatis
324 2255 372 2315 est
394 2255 550 2335 quantum
571 2252 651 2315 uelis
672 2272 776 2335 posse,
801 2253 847 2316 sic
868 2251 1109 2335 magnitudinis

96 2355 121 2397 25
134 2338 216 2402 uelle
240 2340 396 2420 quantum
418 2337 531 2420 possis.
568 2336 744 2401 laudandus
768 2337 895 2419 quidem
918 2339 951 2399 et
972 2336 1029 2400 ille
1052 2337 1108 2420 qui

136 2423 336 2487 consulatum
359 2423 488 2487 tertium
511 2423 635 2503 meruit,
664 2422 719 2484 sed
741 2421 844 2504 magis
874 2420 933 2484 sub
956 2441 1020 2502 quo
1042 2443 1110 2486 me·

133 2508 214 2571 ruit:
237 2529 290 2571 ma
314 2529 373 2571 nus
396 2506 684 2589 memorandusque
700 2505 756 2587 qui
777 2508 904 2569 tantum
926 2505 1109 2587 praemium

135 2592 230 2685 cepit,
255 2529 313 2654 sed
331 2591 433 2686 maior
448 2590 503 2672 qui
526 2590 667 2672 capienti
682 2589 780 2654 dedit.
808 2589 902 2686 ‘quidz
925 2589 1011 2671 quod
1028 2588 1111 2685 duos

96 2673 781 2822 .aanoreuentura
805 2677 1111 2840 calme

159 2861 233 2904 uam
262 2860 389 2902 causam
420 2839 518 2904 fuisse
545 2841 736 2906 extendendi
771 2841 955 2906 consulatus
988 2842 1039 2906 tui
1072 2846 1114 2907 ut

135 2863 270 2987 duorum
292 2923 474 2988 consulatus
496 2926 740 3008 amplecteretur
760 2930 792 2990 te
815 2926 979 3010 collegam.
1011 2947 1111 3009 quem

205 3080 220 3127 2
239 3082 267 3128 et
286 3094 347 3128 cum
366 3079 504 3130 Gruterus:
528 3080 577 3131 sed
596 3097 656 3131 cum
674 3082 701 3129 ld
713 3079 752 3146 115
769 3081 798 3130 in
820 3094 916 3129 manus
933 3081 954 3129 B
973 3077 1047 3145 Vlld
1066 3096 1112 3130 re-

138 3147 212 3210 cepit
230 3161 259 3210 g:
277 3147 379 3211 recipit
396 3150 424 3194 Κ
453 3144 462 3212 ΙΙ
493 3151 524 3199 13
544 3150 694 3214 quantique
713 3144 887 3212 etquidem]
907 3147 1017 3199 enimc
1041 3145 1052 3212 ll
1076 3150 1113 3199 15

136 3212 178 3278 ut]
198 3214 244 3263 uel
262 3215 282 3263 B
300 3216 323 3261 V
353 3212 362 3280 ΙΙ
392 3217 425 3265 23
444 3211 541 3282 animi]
570 3217 670 3267 annio
700 3213 710 3280 ΙΙ
739 3217 773 3266 26
795 3216 909 3265 tertium
931 3215 1111 3266 consulatum

136 3284 153 3329 0
183 3279 192 3345 ΙΙ
222 3283 255 3332 29
275 3281 389 3346 collegii
407 3283 526 3347 Lipsius:
546 3283 668 3347 collegas
686 3285 727 3340 113
758 3299 792 3333 an
811 3283 880 3334 duos
898 3281 1023 3348 collegas
1042 3286 1110 3333 tuac

136 3349 295 3400 sanctitatis
307 3349 438 3400 societate
453 3350 608 3404 decorasti?
623 3349 632 3416 ΙΙ
645 3353 677 3401 32
689 3367 728 3416 sq.
749 3351 964 3417 amplecteretur
983 3354 1011 3401 ct
1023 3349 1112 3401 colle·

136 3430 200 3531 gtam¹
219 3430 296 3532 qqee·
308 3417 507 3483 (collegamque
519 3421 544 3477 (l)
557 3424 585 3470 te
599 3434 653 3470 nou
666 3420 714 3468 uni
726 3418 805 3469 daret
818 3424 933 3484 uterquc
943 3419 981 3479 1,
999 3419 1113 3470 correxi

136 3497 149 3531 e
178 3497 243 3546 supp
256 3499 295 3533 eur
