<?xml version="1.0" encoding="UTF-8"?>
<!DOCTYPE html PUBLIC "-//W3C//DTD XHTML 1.0 Transitional//EN"
    "http://www.w3.org/TR/xhtml1/DTD/xhtml1-transitional.dtd">
<html xmlns="http://www.w3.org/1999/xhtml" xml:lang="en" lang="en">
 <head>
  <title>
</title>
<meta http-equiv="Content-Type" content="text/html;charset=utf-8" />
  <meta name='ocr-system' content='tesseract 3.04.00' />
  <meta name='ocr-capabilities' content='ocr_page ocr_carea ocr_par ocr_line ocrx_word'/>
</head>
<body>
  <div class='ocr_page' id='page_1' title='image "./xiipanegyricila01baehgoog_0170.png"; bbox 0 0 2406 4012; ppageno 0'>
   <div class='ocr_carea' id='block_1_1' title="bbox 262 96 1134 163">
    <p class='ocr_par' dir='ltr' id='par_1_1' title="bbox 262 96 1134 163">
     <span class='ocr_line' id='line_1_1' title="bbox 262 96 1134 163; baseline 0.018 -14"><span class='ocrx_word' id='word_1_1' title='bbox 262 96 494 151; x_wconf 74' lang='lat' dir='ltr'><strong>cousrra&#39;mo</strong></span> <span class='ocrx_word' id='word_1_2' title='bbox 514 96 669 150; x_wconf 67' lang='lat' dir='ltr'><strong>clasem</strong></span> <span class='ocrx_word' id='word_1_3' title='bbox 686 97 721 148; x_wconf 86' lang='lat' dir='ltr'><strong>n.</strong></span> <span class='ocrx_word' id='word_1_4' title='bbox 742 100 818 154; x_wconf 81' lang='lat' dir='ltr'><strong>e-a.</strong></span> <span class='ocrx_word' id='word_1_5' title='bbox 962 96 1021 160; x_wconf 76' lang='lat'><strong>137</strong></span> <span class='ocrx_word' id='word_1_6' title='bbox 1131 156 1134 163; x_wconf 91' lang='grc'><em>,</em></span> 
     </span>
    </p>
   </div>
   <div class='ocr_carea' id='block_1_2' title="bbox 52 247 1130 2354">
    <p class='ocr_par' dir='ltr' id='par_1_2' title="bbox 52 247 1130 2354">
     <span class='ocr_line' id='line_1_2' title="bbox 53 247 1023 330; baseline -0.005 -14"><span class='ocrx_word' id='word_1_7' title='bbox 53 250 131 316; x_wconf 87' lang='lat' dir='ltr'><strong>silio</strong></span> <span class='ocrx_word' id='word_1_8' title='bbox 166 269 227 313; x_wconf 85' lang='lat' dir='ltr'><strong>nee</strong></span> <span class='ocrx_word' id='word_1_9' title='bbox 262 247 431 312; x_wconf 86' lang='lat' dir='ltr'><strong>insultauit</strong></span> <span class='ocrx_word' id='word_1_10' title='bbox 466 247 623 312; x_wconf 87' lang='lat' dir='ltr'><strong>elemento</strong></span> <span class='ocrx_word' id='word_1_11' title='bbox 659 249 695 311; x_wconf 88' lang='lat' dir='ltr'><strong>ut</strong></span> <span class='ocrx_word' id='word_1_12' title='bbox 730 267 797 310; x_wconf 91' lang='lat' dir='ltr'><strong>non</strong></span> <span class='ocrx_word' id='word_1_13' title='bbox 833 251 1023 330; x_wconf 79' lang='lat' dir='ltr'><strong>prouocaret</strong></span> 
     </span>
     <span class='ocr_line' id='line_1_3' title="bbox 52 330 1022 416; baseline -0.003 -18"><span class='ocrx_word' id='word_1_14' title='bbox 52 334 181 416; x_wconf 85' lang='lat' dir='ltr'><strong>odium,</strong></span> <span class='ocrx_word' id='word_1_15' title='bbox 211 331 267 396; x_wconf 89' lang='lat' dir='ltr'><strong>sed</strong></span> <span class='ocrx_word' id='word_1_16' title='bbox 288 334 463 396; x_wconf 89' lang='lat' dir='ltr'><strong>mereretur</strong></span> <span class='ocrx_word' id='word_1_17' title='bbox 488 331 684 415; x_wconf 84' lang='lat' dir='ltr'><strong>obsequium.</strong></span> <span class='ocrx_word' id='word_1_18' title='bbox 730 330 806 414; x_wconf 90' lang='lat' dir='ltr'><strong>quid</strong></span> <span class='ocrx_word' id='word_1_19' title='bbox 829 331 915 394; x_wconf 89' lang='lat' dir='ltr'><strong>enim</strong></span> <span class='ocrx_word' id='word_1_20' title='bbox 937 331 1022 395; x_wconf 89' lang='lat' dir='ltr'><strong>aliud</strong></span> 
     </span>
     <span class='ocr_line' id='line_1_4' title="bbox 52 415 1023 503; baseline -0.004 -20"><span class='ocrx_word' id='word_1_21' title='bbox 52 419 315 503; x_wconf 75' lang='lat' dir='ltr'><strong>interpretemur,</strong></span> <span class='ocrx_word' id='word_1_22' title='bbox 339 438 420 499; x_wconf 85' lang='lat' dir='ltr'><strong>eum,</strong></span> <span class='ocrx_word' id='word_1_23' title='bbox 446 416 556 480; x_wconf 89' lang='lat' dir='ltr'><strong>statim</strong></span> <span class='ocrx_word' id='word_1_24' title='bbox 578 419 672 500; x_wconf 87' lang='lat' dir='ltr'><strong>atque</strong></span> <span class='ocrx_word' id='word_1_25' title='bbox 695 415 893 480; x_wconf 87' lang='lat' dir='ltr'><strong>obsidionem</strong></span> <span class='ocrx_word' id='word_1_26' title='bbox 915 436 1023 479; x_wconf 85' lang='lat' dir='ltr'><strong>neees-</strong></span> 
     </span>
     <span class='ocr_line' id='line_1_5' title="bbox 54 500 1130 582; baseline -0.005 -15"><span class='ocrx_word' id='word_1_27' title='bbox 54 503 136 567; x_wconf 86' lang='lat' dir='ltr'><strong>sitas</strong></span> <span class='ocrx_word' id='word_1_28' title='bbox 170 504 203 565; x_wconf 92' lang='lat' dir='ltr'><strong>et</strong></span> <span class='ocrx_word' id='word_1_29' title='bbox 232 501 420 565; x_wconf 87' lang='lat' dir='ltr'><strong>elementiae</strong></span> <span class='ocrx_word' id='word_1_30' title='bbox 452 504 576 565; x_wconf 89' lang='lat' dir='ltr'><strong>uestrae</strong></span> <span class='ocrx_word' id='word_1_31' title='bbox 609 501 687 564; x_wconf 88' lang='lat' dir='ltr'><strong>fides</strong></span> <span class='ocrx_word' id='word_1_32' title='bbox 721 500 875 582; x_wconf 87' lang='lat' dir='ltr'><strong>soluerat,</strong></span> <span class='ocrx_word' id='word_1_33' title='bbox 913 501 1023 563; x_wconf 89' lang='lat' dir='ltr'><strong>eadem</strong></span> <span class='ocrx_word' id='word_1_34' title='bbox 1127 574 1130 579; x_wconf 18' lang='lat'><strong>⁴</strong></span> 
     </span>
     <span class='ocr_line' id='line_1_6' title="bbox 54 584 1049 668; baseline -0.005 -16"><span class='ocrx_word' id='word_1_35' title='bbox 54 588 197 653; x_wconf 78' lang='lat' dir='ltr'><strong>claustra</strong></span> <span class='ocrx_word' id='word_1_36' title='bbox 219 586 274 668; x_wconf 90' lang='lat' dir='ltr'><strong>qui</strong></span> <span class='ocrx_word' id='word_1_37' title='bbox 291 585 413 668; x_wconf 89' lang='lat' dir='ltr'><strong>primus</strong></span> <span class='ocrx_word' id='word_1_38' title='bbox 434 584 582 649; x_wconf 72' lang='lat' dir='ltr'><strong>incubuit</strong></span> <span class='ocrx_word' id='word_1_39' title='bbox 603 589 710 649; x_wconf 90' lang='lat' dir='ltr'><strong>aestus</strong></span> <span class='ocrx_word' id='word_1_40' title='bbox 730 585 879 668; x_wconf 84' lang='lat' dir='ltr'><strong>irruperit</strong></span> <span class='ocrx_word' id='word_1_41' title='bbox 893 587 1049 668; x_wconf 81' lang='lat' dir='ltr'><strong>totaque⁵</strong></span> 
     </span>
     <span class='ocr_line' id='line_1_7' title="bbox 52 668 1023 754; baseline -0.004 -18"><span class='ocrx_word' id='word_1_42' title='bbox 52 672 123 754; x_wconf 90' lang='lat' dir='ltr'><strong>illa,</strong></span> <span class='ocrx_word' id='word_1_43' title='bbox 146 668 252 754; x_wconf 89' lang='lat' dir='ltr'><strong>quoad</strong></span> <span class='ocrx_word' id='word_1_44' title='bbox 274 691 349 733; x_wconf 77' lang='lat' dir='ltr'><strong>usur</strong></span> <span class='ocrx_word' id='word_1_45' title='bbox 366 669 438 751; x_wconf 86' lang='lat' dir='ltr'><strong>fuit,</strong></span> <span class='ocrx_word' id='word_1_46' title='bbox 461 669 584 733; x_wconf 80' lang='lat' dir='ltr'><strong>inuicta</strong></span> <span class='ocrx_word' id='word_1_47' title='bbox 599 669 750 732; x_wconf 85' lang='lat' dir='ltr'><strong>fluctibus</strong></span> <span class='ocrx_word' id='word_1_48' title='bbox 772 670 857 733; x_wconf 84' lang='lat' dir='ltr'><strong>acies</strong></span> <span class='ocrx_word' id='word_1_49' title='bbox 873 669 1023 733; x_wconf 89' lang='lat' dir='ltr'><strong>arborum</strong></span> 
     </span>
     <span class='ocr_line' id='line_1_8' title="bbox 52 752 1024 836; baseline -0.003 -17"><span class='ocrx_word' id='word_1_50' title='bbox 52 755 159 820; x_wconf 91' lang='lat' dir='ltr'><strong>ueluti</strong></span> <span class='ocrx_word' id='word_1_51' title='bbox 180 753 208 818; x_wconf 90' lang='lat' dir='ltr'><strong>si</strong></span> <span class='ocrx_word' id='word_1_52' title='bbox 231 773 274 818; x_wconf 91' lang='lat' dir='ltr'><strong>no</strong></span> <span class='ocrx_word' id='word_1_53' title='bbox 296 753 371 817; x_wconf 85' lang='lat' dir='ltr'><strong>dato</strong></span> <span class='ocrx_word' id='word_1_54' title='bbox 393 756 426 816; x_wconf 93' lang='lat' dir='ltr'><strong>et</strong></span> <span class='ocrx_word' id='word_1_55' title='bbox 442 758 572 836; x_wconf 82' lang='lat' dir='ltr'><strong>peraeta</strong></span> <span class='ocrx_word' id='word_1_56' title='bbox 594 754 733 816; x_wconf 86' lang='lat' dir='ltr'><strong>statione</strong></span> <span class='ocrx_word' id='word_1_57' title='bbox 756 752 878 835; x_wconf 88' lang='lat' dir='ltr'><strong>dilapsa</strong></span> <span class='ocrx_word' id='word_1_58' title='bbox 901 753 966 817; x_wconf 81' lang='lat' dir='ltr'><strong>sit?</strong></span> <span class='ocrx_word' id='word_1_59' title='bbox 987 757 1024 817; x_wconf 89' lang='lat' dir='ltr'><strong>ut</strong></span> 
     </span>
     <span class='ocr_line' id='line_1_9' title="bbox 53 775 1023 920; baseline -0.006 -15"><span class='ocrx_word' id='word_1_60' title='bbox 53 859 152 905; x_wconf 90' lang='lat' dir='ltr'><strong>nemo</strong></span> <span class='ocrx_word' id='word_1_61' title='bbox 175 775 336 902; x_wconf 69' lang='lat' dir='ltr'><strong>dubitaret</strong></span> <span class='ocrx_word' id='word_1_62' title='bbox 363 840 490 919; x_wconf 91' lang='lat' dir='ltr'><strong>portum</strong></span> <span class='ocrx_word' id='word_1_63' title='bbox 518 837 625 916; x_wconf 90' lang='lat' dir='ltr'><strong>illum,</strong></span> <span class='ocrx_word' id='word_1_64' title='bbox 653 836 708 920; x_wconf 91' lang='lat' dir='ltr'><strong>qui</strong></span> <span class='ocrx_word' id='word_1_65' title='bbox 728 836 867 918; x_wconf 83' lang='lat' dir='ltr'><strong>piratae,</strong></span> <span class='ocrx_word' id='word_1_66' title='bbox 894 858 935 900; x_wconf 86' lang='lat' dir='ltr'><strong>ne</strong></span> <span class='ocrx_word' id='word_1_67' title='bbox 958 838 1023 900; x_wconf 87' lang='lat' dir='ltr'><strong>suis</strong></span> 
     </span>
     <span class='ocr_line' id='line_1_10' title="bbox 54 919 1024 1008; baseline -0.005 -21"><span class='ocrx_word' id='word_1_68' title='bbox 54 945 151 1008; x_wconf 87' lang='lat' dir='ltr'><strong>opem</strong></span> <span class='ocrx_word' id='word_1_69' title='bbox 178 922 294 1005; x_wconf 88' lang='lat' dir='ltr'><strong>ferret,</strong></span> <span class='ocrx_word' id='word_1_70' title='bbox 328 921 473 985; x_wconf 85' lang='lat' dir='ltr'><strong>occlusus</strong></span> <span class='ocrx_word' id='word_1_71' title='bbox 500 920 629 1002; x_wconf 84' lang='lat' dir='ltr'><strong>fuisset,</strong></span> <span class='ocrx_word' id='word_1_72' title='bbox 664 920 756 983; x_wconf 87' lang='lat' dir='ltr'><strong>uobis</strong></span> <span class='ocrx_word' id='word_1_73' title='bbox 786 920 826 982; x_wconf 89' lang='lat' dir='ltr'><strong>ad</strong></span> <span class='ocrx_word' id='word_1_74' title='bbox 853 919 1024 983; x_wconf 81' lang='lat' dir='ltr'><strong>uictoriam</strong></span> 
     </span>
     <span class='ocr_line' id='line_1_11' title="bbox 54 1003 1063 1105; baseline -0.005 -34"><span class='ocrx_word' id='word_1_75' title='bbox 54 1009 174 1105; x_wconf 85' lang='lat' dir='ltr'><strong>sponte</strong></span> <span class='ocrx_word' id='word_1_76' title='bbox 195 1006 347 1088; x_wconf 87' lang='lat' dir='ltr'><strong>patuisse.</strong></span> <span class='ocrx_word' id='word_1_77' title='bbox 378 1005 535 1089; x_wconf 88' lang='lat' dir='ltr'><strong>potuisset</strong></span> <span class='ocrx_word' id='word_1_78' title='bbox 557 1005 653 1088; x_wconf 91' lang='lat' dir='ltr'><strong>enim,</strong></span> <span class='ocrx_word' id='word_1_79' title='bbox 677 1003 794 1070; x_wconf 84' lang='lat' dir='ltr'><strong>ansar</strong></span> <span class='ocrx_word' id='word_1_80' title='bbox 816 1004 945 1087; x_wconf 80' lang='lat' dir='ltr'><strong>inuicte,</strong></span> <span class='ocrx_word' id='word_1_81' title='bbox 967 1004 1023 1068; x_wconf 92' lang='lat' dir='ltr'><strong>illo</strong></span> <span class='ocrx_word' id='word_1_82' title='bbox 1037 1026 1063 1066; x_wconf 82' lang='grc' dir='ltr'><strong>ιο</strong></span> 
     </span>
     <span class='ocr_line' id='line_1_12' title="bbox 54 1089 1024 1173; baseline -0.003 -18"><span class='ocrx_word' id='word_1_83' title='bbox 54 1091 186 1155; x_wconf 86' lang='lat' dir='ltr'><strong>mrtutis</strong></span> <span class='ocrx_word' id='word_1_84' title='bbox 208 1110 246 1155; x_wconf 83' lang='lat' dir='ltr'><strong>ac</strong></span> <span class='ocrx_word' id='word_1_85' title='bbox 267 1090 434 1154; x_wconf 84' lang='lat' dir='ltr'><strong>felicitatis</strong></span> <span class='ocrx_word' id='word_1_86' title='bbox 453 1094 526 1154; x_wconf 86' lang='lat' dir='ltr'><strong>tuae</strong></span> <span class='ocrx_word' id='word_1_87' title='bbox 548 1090 670 1172; x_wconf 88' lang='lat' dir='ltr'><strong>impetu</strong></span> <span class='ocrx_word' id='word_1_88' title='bbox 690 1091 794 1153; x_wconf 90' lang='lat' dir='ltr'><strong>totum</strong></span> <span class='ocrx_word' id='word_1_89' title='bbox 816 1089 928 1173; x_wconf 87' lang='lat' dir='ltr'><strong>peragi</strong></span> <span class='ocrx_word' id='word_1_90' title='bbox 951 1109 1024 1153; x_wconf 85' lang='lat' dir='ltr'><strong>con-</strong></span> 
     </span>
     <span class='ocr_line' id='line_1_13' title="bbox 53 1173 1024 1257; baseline -0.005 -16"><span class='ocrx_word' id='word_1_91' title='bbox 53 1177 148 1241; x_wconf 89' lang='lat' dir='ltr'><strong>tinuo</strong></span> <span class='ocrx_word' id='word_1_92' title='bbox 169 1174 304 1256; x_wconf 88' lang='lat' dir='ltr'><strong>bellum,</strong></span> <span class='ocrx_word' id='word_1_93' title='bbox 334 1174 397 1238; x_wconf 87' lang='lat' dir='ltr'><strong>nisi</strong></span> <span class='ocrx_word' id='word_1_94' title='bbox 420 1173 624 1238; x_wconf 82' lang='lat' dir='ltr'><strong>aedificandis</strong></span> <span class='ocrx_word' id='word_1_95' title='bbox 646 1173 783 1237; x_wconf 87' lang='lat' dir='ltr'><strong>nauibus</strong></span> <span class='ocrx_word' id='word_1_96' title='bbox 807 1174 875 1237; x_wconf 89' lang='lat' dir='ltr'><strong>dari</strong></span> <span class='ocrx_word' id='word_1_97' title='bbox 896 1178 1024 1257; x_wconf 89' lang='lat' dir='ltr'><strong>tempus</strong></span> 
     </span>
     <span class='ocr_line' id='line_1_14' title="bbox 54 1258 1025 1342; baseline -0.002 -19"><span class='ocrx_word' id='word_1_98' title='bbox 54 1260 104 1324; x_wconf 89' lang='lat' dir='ltr'><strong>rei</strong></span> <span class='ocrx_word' id='word_1_99' title='bbox 126 1258 329 1323; x_wconf 80' lang='lat' dir='ltr'><strong>necessitudo</strong></span> <span class='ocrx_word' id='word_1_100' title='bbox 350 1261 511 1333; x_wconf 72' lang='lat' dir='ltr'><strong>suasisset</strong></span> <span class='ocrx_word' id='word_1_101' title='bbox 540 1280 602 1341; x_wconf 87' lang='lat' dir='ltr'><strong>quo</strong></span> <span class='ocrx_word' id='word_1_102' title='bbox 616 1261 724 1322; x_wconf 89' lang='lat' dir='ltr'><strong>tamen</strong></span> <span class='ocrx_word' id='word_1_103' title='bbox 746 1258 835 1322; x_wconf 87' lang='lat' dir='ltr'><strong>omni</strong></span> <span class='ocrx_word' id='word_1_104' title='bbox 849 1280 1025 1342; x_wconf 89' lang='lat' dir='ltr'><strong>numquam</strong></span> 
     </span>
     <span class='ocr_line' id='line_1_15' title="bbox 55 1342 1024 1425; baseline -0.004 -17"><span class='ocrx_word' id='word_1_105' title='bbox 55 1345 98 1408; x_wconf 89' lang='lat' dir='ltr'><strong>ab</strong></span> <span class='ocrx_word' id='word_1_106' title='bbox 121 1364 228 1408; x_wconf 88' lang='lat' dir='ltr'><strong>eorum</strong></span> <span class='ocrx_word' id='word_1_107' title='bbox 245 1342 387 1407; x_wconf 89' lang='lat' dir='ltr'><strong>hostium</strong></span> <span class='ocrx_word' id='word_1_108' title='bbox 410 1343 573 1407; x_wconf 89' lang='lat' dir='ltr'><strong>euersione</strong></span> <span class='ocrx_word' id='word_1_109' title='bbox 596 1347 754 1407; x_wconf 85' lang='lat' dir='ltr'><strong>cessatum</strong></span> <span class='ocrx_word' id='word_1_110' title='bbox 777 1346 825 1406; x_wconf 90' lang='lat' dir='ltr'><strong>est</strong></span> <span class='ocrx_word' id='word_1_111' title='bbox 846 1364 926 1425; x_wconf 87' lang='lat' dir='ltr'><strong>quos</strong></span> <span class='ocrx_word' id='word_1_112' title='bbox 944 1342 1024 1406; x_wconf 89' lang='lat' dir='ltr'><strong>adiri</strong></span> 
     </span>
     <span class='ocr_line' id='line_1_16' title="bbox 56 1427 1063 1511; baseline -0.007 -19"><span class='ocrx_word' id='word_1_113' title='bbox 56 1429 228 1493; x_wconf 79' lang='lat' dir='ltr'><strong>continens</strong></span> <span class='ocrx_word' id='word_1_114' title='bbox 249 1431 336 1492; x_wconf 87' lang='lat' dir='ltr'><strong>terra</strong></span> <span class='ocrx_word' id='word_1_115' title='bbox 356 1427 514 1511; x_wconf 87' lang='lat' dir='ltr'><strong>permisit.</strong></span> <span class='ocrx_word' id='word_1_116' title='bbox 1037 1446 1063 1486; x_wconf 90' lang='lat'><strong>15</strong></span> 
     </span>
     <span class='ocr_line' id='line_1_17' title="bbox 121 1507 1024 1596; baseline -0.007 -20"><span class='ocrx_word' id='word_1_117' title='bbox 121 1511 213 1577; x_wconf 89' lang='lat' dir='ltr'><strong>VIII.</strong></span> <span class='ocrx_word' id='word_1_118' title='bbox 264 1510 464 1596; x_wconf 80' lang='lat' dir='ltr'><strong>Quamquam</strong></span> <span class='ocrx_word' id='word_1_119' title='bbox 495 1511 552 1574; x_wconf 90' lang='lat' dir='ltr'><strong>illa</strong></span> <span class='ocrx_word' id='word_1_120' title='bbox 583 1510 672 1593; x_wconf 85' lang='lat' dir='ltr'><strong>regio</strong></span> <span class='ocrx_word' id='word_1_121' title='bbox 701 1509 818 1572; x_wconf 90' lang='lat' dir='ltr'><strong>diuinis</strong></span> <span class='ocrx_word' id='word_1_122' title='bbox 851 1507 1024 1591; x_wconf 84' lang='lat' dir='ltr'><strong>expeditio-</strong></span> 
     </span>
     <span class='ocr_line' id='line_1_18' title="bbox 54 1595 1025 1678; baseline -0.007 -18"><span class='ocrx_word' id='word_1_123' title='bbox 54 1596 153 1661; x_wconf 85' lang='lat' dir='ltr'><strong>nibus</strong></span> <span class='ocrx_word' id='word_1_124' title='bbox 174 1596 255 1678; x_wconf 88' lang='lat' dir='ltr'><strong>tuis,</strong></span> <span class='ocrx_word' id='word_1_125' title='bbox 284 1595 401 1660; x_wconf 75' lang='lat' dir='ltr'><strong>Caesar</strong></span> <span class='ocrx_word' id='word_1_126' title='bbox 408 1645 416 1676; x_wconf 92' lang='lat'><strong>,</strong></span> <span class='ocrx_word' id='word_1_127' title='bbox 446 1595 607 1658; x_wconf 83' lang='lat' dir='ltr'><strong>uindicata</strong></span> <span class='ocrx_word' id='word_1_128' title='bbox 635 1597 728 1676; x_wconf 88' lang='lat' dir='ltr'><strong>atque</strong></span> <span class='ocrx_word' id='word_1_129' title='bbox 750 1595 900 1675; x_wconf 83' lang='lat' dir='ltr'><strong>purgata,</strong></span> <span class='ocrx_word' id='word_1_130' title='bbox 928 1613 1025 1674; x_wconf 90' lang='lat' dir='ltr'><strong>quam</strong></span> 
     </span>
     <span class='ocr_line' id='line_1_19' title="bbox 55 1676 1023 1761; baseline -0.008 -15"><span class='ocrx_word' id='word_1_131' title='bbox 55 1680 123 1746; x_wconf 90' lang='lat' dir='ltr'><strong>obli</strong></span> <span class='ocrx_word' id='word_1_132' title='bbox 147 1680 196 1744; x_wconf 86' lang='lat' dir='ltr'><strong>uis</strong></span> <span class='ocrx_word' id='word_1_133' title='bbox 217 1680 375 1744; x_wconf 87' lang='lat' dir='ltr'><strong>meatibus</strong></span> <span class='ocrx_word' id='word_1_134' title='bbox 386 1678 522 1745; x_wconf 87' lang='lat' dir='ltr'><strong>Vahalis</strong></span> <span class='ocrx_word' id='word_1_135' title='bbox 541 1677 698 1742; x_wconf 87' lang='lat' dir='ltr'><strong>interfluit</strong></span> <span class='ocrx_word' id='word_1_136' title='bbox 713 1698 870 1761; x_wconf 91' lang='lat' dir='ltr'><strong>quamque</strong></span> <span class='ocrx_word' id='word_1_137' title='bbox 886 1676 1023 1740; x_wconf 88' lang='lat' dir='ltr'><strong>diuortio</strong></span> 
     </span>
     <span class='ocr_line' id='line_1_20' title="bbox 55 1761 1024 1848; baseline -0.006 -19"><span class='ocrx_word' id='word_1_138' title='bbox 55 1765 110 1829; x_wconf 86' lang='lat' dir='ltr'><strong>sui</strong></span> <span class='ocrx_word' id='word_1_139' title='bbox 162 1764 263 1829; x_wconf 87' lang='lat' dir='ltr'><strong>henus</strong></span> <span class='ocrx_word' id='word_1_140' title='bbox 287 1764 504 1848; x_wconf 86' lang='lat' dir='ltr'><strong>amplectitur,</strong></span> <span class='ocrx_word' id='word_1_141' title='bbox 534 1783 652 1846; x_wconf 88' lang='lat' dir='ltr'><strong>paene,</strong></span> <span class='ocrx_word' id='word_1_142' title='bbox 679 1764 715 1825; x_wconf 88' lang='lat' dir='ltr'><strong>ut</strong></span> <span class='ocrx_word' id='word_1_143' title='bbox 737 1782 806 1825; x_wconf 86' lang='lat' dir='ltr'><strong>cum</strong></span> <span class='ocrx_word' id='word_1_144' title='bbox 830 1761 921 1824; x_wconf 89' lang='lat' dir='ltr'><strong>uerbi</strong></span> <span class='ocrx_word' id='word_1_145' title='bbox 942 1761 1024 1844; x_wconf 89' lang='lat' dir='ltr'><strong>peri-</strong></span> 
     </span>
     <span class='ocr_line' id='line_1_21' title="bbox 56 1845 1064 1932; baseline -0.007 -18"><span class='ocrx_word' id='word_1_146' title='bbox 56 1849 130 1914; x_wconf 84' lang='lat' dir='ltr'><strong>culo</strong></span> <span class='ocrx_word' id='word_1_147' title='bbox 149 1848 269 1932; x_wconf 89' lang='lat' dir='ltr'><strong>loquar,</strong></span> <span class='ocrx_word' id='word_1_148' title='bbox 291 1851 378 1913; x_wconf 88' lang='lat' dir='ltr'><strong>terra</strong></span> <span class='ocrx_word' id='word_1_149' title='bbox 398 1870 464 1912; x_wconf 88' lang='lat' dir='ltr'><strong>non</strong></span> <span class='ocrx_word' id='word_1_150' title='bbox 486 1850 549 1911; x_wconf 90' lang='lat' dir='ltr'><strong>est:</strong></span> <span class='ocrx_word' id='word_1_151' title='bbox 579 1847 625 1911; x_wconf 89' lang='lat' dir='ltr'><strong>ita</strong></span> <span class='ocrx_word' id='word_1_152' title='bbox 648 1847 776 1930; x_wconf 86' lang='lat' dir='ltr'><strong>penitus</strong></span> <span class='ocrx_word' id='word_1_153' title='bbox 799 1846 888 1930; x_wconf 88' lang='lat' dir='ltr'><strong>aquis</strong></span> <span class='ocrx_word' id='word_1_154' title='bbox 910 1845 1064 1910; x_wconf 76' lang='lat' dir='ltr'><strong>inbutam</strong></span> 
     </span>
     <span class='ocr_line' id='line_1_22' title="bbox 54 1931 1026 2082; baseline -0.005 -1"><span class='ocrx_word' id='word_1_155' title='bbox 54 1933 239 2082; x_wconf 57' lang='lat' dir='ltr'><strong>ffiqp</strong></span> <span class='ocrx_word' id='word_1_156' title='bbox 250 1933 594 2080; x_wconf 57' lang='lat' dir='ltr'><strong>„liulineiliirtla</strong></span> <span class='ocrx_word' id='word_1_157' title='bbox 614 1931 956 2079; x_wconf 60' lang='grc'><strong>1111111122</strong></span> <span class='ocrx_word' id='word_1_158' title='bbox 970 1934 1026 2077; x_wconf 70' lang='lat' dir='ltr'><strong>ti</strong></span> 
     </span>
     <span class='ocr_line' id='line_1_23' title="bbox 56 2038 1025 2184; baseline -0.008 -17"><span class='ocrx_word' id='word_1_159' title='bbox 56 2102 157 2167; x_wconf 86' lang='lat' dir='ltr'><strong>etiam</strong></span> <span class='ocrx_word' id='word_1_160' title='bbox 178 2101 232 2164; x_wconf 91' lang='lat' dir='ltr'><strong>ubi</strong></span> <span class='ocrx_word' id='word_1_161' title='bbox 254 2102 351 2184; x_wconf 91' lang='lat' dir='ltr'><strong>paulo</strong></span> <span class='ocrx_word' id='word_1_162' title='bbox 380 2101 507 2165; x_wconf 87' lang='lat' dir='ltr'><strong>uidetur</strong></span> <span class='ocrx_word' id='word_1_163' title='bbox 527 2038 649 2163; x_wconf 71' lang='lat' dir='ltr'><strong>firmibr</strong></span> <span class='ocrx_word' id='word_1_164' title='bbox 670 2100 787 2182; x_wconf 90' lang='lat' dir='ltr'><strong>pedum</strong></span> <span class='ocrx_word' id='word_1_165' title='bbox 809 2038 902 2182; x_wconf 65' lang='lat' dir='ltr'><strong>pdlsu</strong></span> <span class='ocrx_word' id='word_1_166' title='bbox 924 2065 1025 2179; x_wconf 86' lang='lat' dir='ltr'><strong>temp-</strong></span> 
     </span>
     <span class='ocr_line' id='line_1_24' title="bbox 55 2180 1025 2269; baseline -0.009 -18"><span class='ocrx_word' id='word_1_167' title='bbox 55 2189 129 2251; x_wconf 84' lang='lat' dir='ltr'><strong>tata</strong></span> <span class='ocrx_word' id='word_1_168' title='bbox 150 2186 313 2269; x_wconf 89' lang='lat' dir='ltr'><strong>quatiatur</strong></span> <span class='ocrx_word' id='word_1_169' title='bbox 340 2188 373 2249; x_wconf 90' lang='lat' dir='ltr'><strong>et</strong></span> <span class='ocrx_word' id='word_1_170' title='bbox 394 2185 513 2249; x_wconf 88' lang='lat' dir='ltr'><strong>sentire</strong></span> <span class='ocrx_word' id='word_1_171' title='bbox 537 2207 571 2248; x_wconf 89' lang='lat' dir='ltr'><strong>se</strong></span> <span class='ocrx_word' id='word_1_172' title='bbox 593 2182 704 2267; x_wconf 82' lang='lat' dir='ltr'><strong>procul</strong></span> <span class='ocrx_word' id='word_1_173' title='bbox 726 2186 813 2245; x_wconf 86' lang='lat' dir='ltr'><strong>mota</strong></span> <span class='ocrx_word' id='word_1_174' title='bbox 833 2180 957 2264; x_wconf 89' lang='lat' dir='ltr'><strong>pondus</strong></span> <span class='ocrx_word' id='word_1_175' title='bbox 979 2183 1025 2243; x_wconf 90' lang='lat' dir='ltr'><strong>te-</strong></span> 
     </span>
     <span class='ocr_line' id='line_1_25' title="bbox 57 2267 1065 2354; baseline -0.01 -19"><span class='ocrx_word' id='word_1_176' title='bbox 57 2273 170 2337; x_wconf 88' lang='lat' dir='ltr'><strong>stetur.</strong></span> <span class='ocrx_word' id='word_1_177' title='bbox 204 2270 260 2354; x_wconf 88' lang='lat' dir='ltr'><strong>ita,</strong></span> <span class='ocrx_word' id='word_1_178' title='bbox 283 2273 320 2334; x_wconf 92' lang='lat' dir='ltr'><strong>ut</strong></span> <span class='ocrx_word' id='word_1_179' title='bbox 340 2291 391 2333; x_wconf 89' lang='lat' dir='ltr'><strong>res</strong></span> <span class='ocrx_word' id='word_1_180' title='bbox 414 2280 473 2351; x_wconf 84' lang='lat' dir='ltr'><strong>est,</strong></span> <span class='ocrx_word' id='word_1_181' title='bbox 496 2267 735 2331; x_wconf 82' lang='lat' dir='ltr'><strong>subiacentibus</strong></span> <span class='ocrx_word' id='word_1_182' title='bbox 757 2267 882 2328; x_wconf 85' lang='lat' dir='ltr'><strong>innatat</strong></span> <span class='ocrx_word' id='word_1_183' title='bbox 905 2267 938 2326; x_wconf 91' lang='lat' dir='ltr'><strong>et</strong></span> <span class='ocrx_word' id='word_1_184' title='bbox 959 2285 1025 2326; x_wconf 90' lang='lat' dir='ltr'><strong>sus·</strong></span> <span class='ocrx_word' id='word_1_185' title='bbox 1039 2283 1065 2324; x_wconf 80' lang='lat'><strong>25</strong></span> 
     </span>
    </p>
   </div>
   <div class='ocr_carea' id='block_1_3' title="bbox 54 2346 1065 2756">
    <p class='ocr_par' dir='ltr' id='par_1_3' title="bbox 54 2346 1065 2756">
     <span class='ocr_line' id='line_1_26' title="bbox 54 2346 1026 2438; baseline -0.008 -20"><span class='ocrx_word' id='word_1_186' title='bbox 54 2376 160 2438; x_wconf 88' lang='lat' dir='ltr'><strong>pensa</strong></span> <span class='ocrx_word' id='word_1_187' title='bbox 174 2354 239 2418; x_wconf 89' lang='lat' dir='ltr'><strong>late</strong></span> <span class='ocrx_word' id='word_1_188' title='bbox 255 2353 394 2434; x_wconf 85' lang='lat' dir='ltr'><strong>uacillat,</strong></span> <span class='ocrx_word' id='word_1_189' title='bbox 416 2356 453 2416; x_wconf 94' lang='lat' dir='ltr'><strong>ut</strong></span> <span class='ocrx_word' id='word_1_190' title='bbox 467 2353 581 2415; x_wconf 89' lang='lat' dir='ltr'><strong>merito</strong></span> <span class='ocrx_word' id='word_1_191' title='bbox 599 2351 669 2433; x_wconf 89' lang='lat' dir='ltr'><strong>quis</strong></span> <span class='ocrx_word' id='word_1_192' title='bbox 686 2349 801 2412; x_wconf 88' lang='lat' dir='ltr'><strong>dixerit</strong></span> <span class='ocrx_word' id='word_1_193' title='bbox 816 2346 1026 2412; x_wconf 79' lang='lat' dir='ltr'><strong>exercendum</strong></span> 
     </span>
     <span class='ocr_line' id='line_1_27' title="bbox 56 2432 1027 2503; baseline -0.008 0"><span class='ocrx_word' id='word_1_194' title='bbox 56 2439 158 2502; x_wconf 87' lang='lat' dir='ltr'><strong>fuisse</strong></span> <span class='ocrx_word' id='word_1_195' title='bbox 185 2439 244 2502; x_wconf 89' lang='lat' dir='ltr'><strong>tali</strong></span> <span class='ocrx_word' id='word_1_196' title='bbox 273 2437 341 2503; x_wconf 89' lang='lat' dir='ltr'><strong>solo</strong></span> <span class='ocrx_word' id='word_1_197' title='bbox 373 2437 508 2501; x_wconf 88' lang='lat' dir='ltr'><strong>militem</strong></span> <span class='ocrx_word' id='word_1_198' title='bbox 542 2436 581 2499; x_wconf 91' lang='lat' dir='ltr'><strong>ad</strong></span> <span class='ocrx_word' id='word_1_199' title='bbox 608 2432 722 2498; x_wconf 89' lang='lat' dir='ltr'><strong>nauale</strong></span> <span class='ocrx_word' id='word_1_200' title='bbox 756 2436 926 2497; x_wconf 77' lang='lat' dir='ltr'><strong>certamen.</strong></span> <span class='ocrx_word' id='word_1_201' title='bbox 971 2432 1027 2495; x_wconf 89' lang='lat' dir='ltr'><strong>sed</strong></span> 
     </span>
     <span class='ocr_line' id='line_1_28' title="bbox 54 2517 1027 2606; baseline -0.007 -19"><span class='ocrx_word' id='word_1_202' title='bbox 54 2544 163 2606; x_wconf 90' lang='lat' dir='ltr'><strong>neque</strong></span> <span class='ocrx_word' id='word_1_203' title='bbox 182 2524 257 2587; x_wconf 90' lang='lat' dir='ltr'><strong>illae</strong></span> <span class='ocrx_word' id='word_1_204' title='bbox 272 2521 399 2586; x_wconf 85' lang='lat' dir='ltr'><strong>fraudes</strong></span> <span class='ocrx_word' id='word_1_205' title='bbox 415 2522 557 2586; x_wconf 85' lang='lat' dir='ltr'><strong>locorum</strong></span> <span class='ocrx_word' id='word_1_206' title='bbox 577 2540 637 2584; x_wconf 85' lang='lat' dir='ltr'><strong>nee</strong></span> <span class='ocrx_word' id='word_1_207' title='bbox 652 2539 733 2602; x_wconf 89' lang='lat' dir='ltr'><strong>quae</strong></span> <span class='ocrx_word' id='word_1_208' title='bbox 748 2519 885 2602; x_wconf 89' lang='lat' dir='ltr'><strong>plurima</strong></span> <span class='ocrx_word' id='word_1_209' title='bbox 900 2517 1027 2581; x_wconf 91' lang='lat' dir='ltr'><strong>inerant</strong></span> 
     </span>
     <span class='ocr_line' id='line_1_29' title="bbox 56 2607 1026 2692; baseline -0.005 -22"><span class='ocrx_word' id='word_1_210' title='bbox 56 2607 211 2692; x_wconf 87' lang='lat' dir='ltr'><strong>perfugia</strong></span> <span class='ocrx_word' id='word_1_211' title='bbox 243 2608 396 2671; x_wconf 85' lang='lat' dir='ltr'><strong>siluarum</strong></span> <span class='ocrx_word' id='word_1_212' title='bbox 427 2607 579 2671; x_wconf 89' lang='lat' dir='ltr'><strong>barbaros</strong></span> <span class='ocrx_word' id='word_1_213' title='bbox 608 2609 717 2690; x_wconf 85' lang='lat' dir='ltr'><strong>tegere</strong></span> <span class='ocrx_word' id='word_1_214' title='bbox 744 2607 919 2688; x_wconf 88' lang='lat' dir='ltr'><strong>potuerunt</strong></span> <span class='ocrx_word' id='word_1_215' title='bbox 951 2624 1026 2687; x_wconf 90' lang='lat' dir='ltr'><strong>quo-</strong></span> 
     </span>
     <span class='ocr_line' id='line_1_30' title="bbox 55 2687 1065 2756; baseline -0.008 0"><span class='ocrx_word' id='word_1_216' title='bbox 55 2692 166 2756; x_wconf 91' lang='lat' dir='ltr'><strong>minus</strong></span> <span class='ocrx_word' id='word_1_217' title='bbox 200 2691 319 2756; x_wconf 84' lang='lat' dir='ltr'><strong>diaioni</strong></span> <span class='ocrx_word' id='word_1_218' title='bbox 348 2695 423 2755; x_wconf 89' lang='lat' dir='ltr'><strong>tuae</strong></span> <span class='ocrx_word' id='word_1_219' title='bbox 457 2690 635 2754; x_wconf 85' lang='lat' dir='ltr'><strong>diuinitatis</strong></span> <span class='ocrx_word' id='word_1_220' title='bbox 668 2710 779 2753; x_wconf 86' lang='lat' dir='ltr'><strong>omnes</strong></span> <span class='ocrx_word' id='word_1_221' title='bbox 812 2711 880 2753; x_wconf 88' lang='lat' dir='ltr'><strong>sese</strong></span> <span class='ocrx_word' id='word_1_222' title='bbox 912 2687 1026 2752; x_wconf 87' lang='lat' dir='ltr'><strong>dedere</strong></span> <span class='ocrx_word' id='word_1_223' title='bbox 1039 2706 1065 2746; x_wconf 83' lang='lat' dir='ltr'><strong>eo</strong></span> 
     </span>
    </p>
   </div>
   <div class='ocr_carea' id='block_1_4' title="bbox 57 2874 1028 3483">
    <p class='ocr_par' dir='ltr' id='par_1_4' title="bbox 57 2874 1028 3483">
     <span class='ocr_line' id='line_1_31' title="bbox 130 2874 1027 2940; baseline -0.009 -10"><span class='ocrx_word' id='word_1_224' title='bbox 130 2881 145 2930; x_wconf 80' lang='lat'>5</span> <span class='ocrx_word' id='word_1_225' title='bbox 162 2881 289 2930; x_wconf 78' lang='lat' dir='ltr'><strong>incubuit</strong></span> <span class='ocrx_word' id='word_1_226' title='bbox 306 2880 351 2928; x_wconf 81' lang='lat' dir='ltr'><strong>W:</strong></span> <span class='ocrx_word' id='word_1_227' title='bbox 369 2879 494 2929; x_wconf 79' lang='lat' dir='ltr'><strong>inrubuit</strong></span> <span class='ocrx_word' id='word_1_228' title='bbox 511 2880 534 2927; x_wconf 77' lang='lat' dir='ltr'>A</span> <span class='ocrx_word' id='word_1_229' title='bbox 551 2878 660 2928; x_wconf 87' lang='lat' dir='ltr'><strong>insiluit</strong></span> <span class='ocrx_word' id='word_1_230' title='bbox 677 2877 761 2925; x_wconf 76' lang='lat' dir='ltr'><strong>BGV</strong></span> <span class='ocrx_word' id='word_1_231' title='bbox 783 2874 793 2940; x_wconf 81' lang='grc'><strong>11</strong></span> <span class='ocrx_word' id='word_1_232' title='bbox 815 2879 830 2926; x_wconf 88' lang='grc'><strong>9</strong></span> <span class='ocrx_word' id='word_1_233' title='bbox 849 2876 934 2924; x_wconf 85' lang='lat' dir='ltr'><strong>ferret</strong></span> <span class='ocrx_word' id='word_1_234' title='bbox 952 2877 1027 2924; x_wconf 83' lang='lat' dir='ltr'><strong>edd..-</strong></span> 
     </span>
     <span class='ocr_line' id='line_1_32' title="bbox 59 2938 1027 3013; baseline -0.008 -16"><span class='ocrx_word' id='word_1_235' title='bbox 59 2947 169 2998; x_wconf 79' lang='lat' dir='ltr'><strong>ferrent</strong></span> <span class='ocrx_word' id='word_1_236' title='bbox 181 2949 208 2996; x_wconf 75' lang='grc' dir='ltr'><strong>Η</strong></span> <span class='ocrx_word' id='word_1_237' title='bbox 225 2945 235 3013; x_wconf 81' lang='grc' dir='ltr'><strong>ΙΙ</strong></span> <span class='ocrx_word' id='word_1_238' title='bbox 254 2949 285 2998; x_wconf 91' lang='grc'><strong>10</strong></span> <span class='ocrx_word' id='word_1_239' title='bbox 300 2944 384 3012; x_wconf 88' lang='lat' dir='ltr'><strong>enim]</strong></span> <span class='ocrx_word' id='word_1_240' title='bbox 399 2947 539 2996; x_wconf 88' lang='lat' dir='ltr'><strong>enimuero</strong></span> <span class='ocrx_word' id='word_1_241' title='bbox 552 2946 684 2995; x_wconf 81' lang='lat' dir='ltr'><strong>Liuineius</strong></span> <span class='ocrx_word' id='word_1_242' title='bbox 697 2945 782 2993; x_wconf 84' lang='lat' dir='ltr'><strong>etiam</strong></span> <span class='ocrx_word' id='word_1_243' title='bbox 796 2943 950 2994; x_wconf 79' lang='lat' dir='ltr'><strong>Arntzent‘us</strong></span> <span class='ocrx_word' id='word_1_244' title='bbox 966 2938 976 3002; x_wconf 85' lang='grc' dir='ltr'><strong>ΙΙ</strong></span> <span class='ocrx_word' id='word_1_245' title='bbox 994 2943 1027 2990; x_wconf 87' lang='grc'><strong>13</strong></span> 
     </span>
     <span class='ocr_line' id='line_1_33' title="bbox 58 3006 1027 3080; baseline -0.012 -14"><span class='ocrx_word' id='word_1_246' title='bbox 58 3015 275 3080; x_wconf 86' lang='lat' dir='ltr'><strong>omnitempore</strong></span> <span class='ocrx_word' id='word_1_247' title='bbox 295 3030 385 3078; x_wconf 88' lang='lat' dir='ltr'><strong>numq.</strong></span> <span class='ocrx_word' id='word_1_248' title='bbox 404 3027 428 3061; x_wconf 80' lang='lat' dir='ltr'>w</span> <span class='ocrx_word' id='word_1_249' title='bbox 452 3011 462 3078; x_wconf 76' lang='grc' dir='ltr'><strong>ΙΙ</strong></span> <span class='ocrx_word' id='word_1_250' title='bbox 488 3015 518 3063; x_wconf 89' lang='grc'><strong>18</strong></span> <span class='ocrx_word' id='word_1_251' title='bbox 537 3013 656 3063; x_wconf 81' lang='lat' dir='ltr'><strong>Ualralis</strong></span> <span class='ocrx_word' id='word_1_252' title='bbox 673 3012 779 3061; x_wconf 77' lang='lat' dir='ltr'><strong>Iunius:</strong></span> <span class='ocrx_word' id='word_1_253' title='bbox 802 3009 890 3060; x_wconf 84' lang='lat' dir='ltr'><strong>caldis</strong></span> <span class='ocrx_word' id='word_1_254' title='bbox 911 3009 934 3056; x_wconf 84' lang='grc' dir='ltr'><strong>Δ</strong></span> <span class='ocrx_word' id='word_1_255' title='bbox 952 3006 1027 3060; x_wconf 82' lang='lat' dir='ltr'><strong>Bert,</strong></span> 
     </span>
     <span class='ocr_line' id='line_1_34' title="bbox 57 3075 1026 3144; baseline -0.01 -12"><span class='ocrx_word' id='word_1_256' title='bbox 57 3081 162 3133; x_wconf 76' lang='lat' dir='ltr'><strong>sealdis</strong></span> <span class='ocrx_word' id='word_1_257' title='bbox 180 3082 212 3130; x_wconf 81' lang='lat' dir='ltr'>W</span> <span class='ocrx_word' id='word_1_258' title='bbox 230 3081 328 3132; x_wconf 79' lang='lat' dir='ltr'><strong>aelidis</strong></span> <span class='ocrx_word' id='word_1_259' title='bbox 345 3082 366 3130; x_wconf 88' lang='lat' dir='ltr'>B</span> <span class='ocrx_word' id='word_1_260' title='bbox 384 3081 401 3129; x_wconf 80' lang='grc'><strong>(1</strong></span> <span class='ocrx_word' id='word_1_261' title='bbox 419 3081 441 3127; x_wconf 82' lang='lat' dir='ltr'>V</span> <span class='ocrx_word' id='word_1_262' title='bbox 459 3079 464 3144; x_wconf 82' lang='grc'><strong>1</strong></span> <span class='ocrx_word' id='word_1_263' title='bbox 485 3094 650 3144; x_wconf 87' lang='lat' dir='ltr'><strong>quamquam</strong></span> <span class='ocrx_word' id='word_1_264' title='bbox 669 3079 725 3128; x_wconf 70' lang='lat' dir='ltr'><strong>diu,</strong></span> <span class='ocrx_word' id='word_1_265' title='bbox 743 3080 766 3127; x_wconf 77' lang='lat' dir='ltr'>A</span> <span class='ocrx_word' id='word_1_266' title='bbox 783 3079 803 3126; x_wconf 88' lang='lat' dir='ltr'><strong>B</strong></span> <span class='ocrx_word' id='word_1_267' title='bbox 826 3075 836 3142; x_wconf 78' lang='lat' dir='ltr'>ss</span> <span class='ocrx_word' id='word_1_268' title='bbox 861 3077 891 3125; x_wconf 89' lang='grc'><strong>21</strong></span> <span class='ocrx_word' id='word_1_269' title='bbox 915 3090 969 3139; x_wconf 91' lang='lat' dir='ltr'><strong>qua</strong></span> <span class='ocrx_word' id='word_1_270' title='bbox 987 3086 1026 3123; x_wconf 80' lang='lat' dir='ltr'><strong>w:</strong></span> 
     </span>
     <span class='ocr_line' id='line_1_35' title="bbox 59 3141 1028 3215; baseline -0.009 -16"><span class='ocrx_word' id='word_1_271' title='bbox 59 3164 144 3215; x_wconf 84' lang='lat' dir='ltr'><strong>quam</strong></span> <span class='ocrx_word' id='word_1_272' title='bbox 161 3152 189 3197; x_wconf 76' lang='lat'><strong>11</strong></span> <span class='ocrx_word' id='word_1_273' title='bbox 208 3148 265 3215; x_wconf 91' lang='lat' dir='ltr'><strong>(qui</strong></span> <span class='ocrx_word' id='word_1_274' title='bbox 277 3151 308 3212; x_wconf 80' lang='lat' dir='ltr'><strong>B)</strong></span> <span class='ocrx_word' id='word_1_275' title='bbox 322 3146 332 3213; x_wconf 88' lang='lat' dir='ltr'><strong>l</strong></span> <span class='ocrx_word' id='word_1_276' title='bbox 344 3150 377 3198; x_wconf 91' lang='grc'><strong>22</strong></span> <span class='ocrx_word' id='word_1_277' title='bbox 395 3149 485 3198; x_wconf 86' lang='lat' dir='ltr'><strong>uisum</strong></span> <span class='ocrx_word' id='word_1_278' title='bbox 494 3150 517 3197; x_wconf 85' lang='grc' dir='ltr'><strong>Δ</strong></span> <span class='ocrx_word' id='word_1_279' title='bbox 529 3151 546 3196; x_wconf 79' lang='lat'><strong>0</strong></span> <span class='ocrx_word' id='word_1_280' title='bbox 559 3145 569 3212; x_wconf 89' lang='grc' dir='ltr'><strong>ΙΙ</strong></span> <span class='ocrx_word' id='word_1_281' title='bbox 582 3149 615 3197; x_wconf 89' lang='grc'><strong>24</strong></span> <span class='ocrx_word' id='word_1_282' title='bbox 633 3147 757 3212; x_wconf 85' lang='lat' dir='ltr'><strong>quatitur</strong></span> <span class='ocrx_word' id='word_1_283' title='bbox 768 3159 793 3193; x_wconf 86' lang='lat' dir='ltr'><strong>w</strong></span> <span class='ocrx_word' id='word_1_284' title='bbox 809 3145 813 3206; x_wconf 95' lang='grc'><strong>1</strong></span> <span class='ocrx_word' id='word_1_285' title='bbox 829 3141 934 3208; x_wconf 84' lang='lat' dir='ltr'><strong>pondus</strong></span> <span class='ocrx_word' id='word_1_286' title='bbox 952 3146 1028 3191; x_wconf 83' lang='lat' dir='ltr'><strong>mota</strong></span> 
     </span>
     <span class='ocr_line' id='line_1_36' title="bbox 58 3207 1027 3284; baseline -0.006 -19"><span class='ocrx_word' id='word_1_287' title='bbox 58 3230 86 3265; x_wconf 80' lang='lat' dir='ltr'><strong>w</strong></span> <span class='ocrx_word' id='word_1_288' title='bbox 143 3219 178 3267; x_wconf 76' lang='grc'><strong>25</strong></span> <span class='ocrx_word' id='word_1_289' title='bbox 196 3218 276 3284; x_wconf 81' lang='lat' dir='ltr'><strong>aquia</strong></span> <span class='ocrx_word' id='word_1_290' title='bbox 294 3216 502 3266; x_wconf 83' lang='lat' dir='ltr'><strong>subiacentibus</strong></span> <span class='ocrx_word' id='word_1_291' title='bbox 520 3229 544 3263; x_wconf 81' lang='lat' dir='ltr'>w</span> <span class='ocrx_word' id='word_1_292' title='bbox 568 3213 578 3279; x_wconf 72' lang='lat' dir='ltr'>u</span> <span class='ocrx_word' id='word_1_293' title='bbox 602 3217 635 3265; x_wconf 81' lang='grc'><strong>27</strong></span> <span class='ocrx_word' id='word_1_294' title='bbox 653 3212 704 3265; x_wconf 86' lang='lat' dir='ltr'><strong>tali</strong></span> <span class='ocrx_word' id='word_1_295' title='bbox 722 3212 780 3264; x_wconf 83' lang='lat' dir='ltr'><strong>solo</strong></span> <span class='ocrx_word' id='word_1_296' title='bbox 799 3209 887 3261; x_wconf 77' lang='lat' dir='ltr'><strong>militd</strong></span> <span class='ocrx_word' id='word_1_297' title='bbox 906 3223 942 3258; x_wconf 80' lang='lat' dir='ltr'><strong>w:</strong></span> <span class='ocrx_word' id='word_1_298' title='bbox 962 3207 1027 3259; x_wconf 85' lang='lat' dir='ltr'><strong>talia</strong></span> 
     </span>
     <span class='ocr_line' id='line_1_37' title="bbox 57 3275 1027 3348; baseline -0.008 -14"><span class='ocrx_word' id='word_1_299' title='bbox 57 3283 112 3347; x_wconf 79' lang='lat' dir='ltr'><strong>(tal</strong></span> <span class='ocrx_word' id='word_1_300' title='bbox 126 3285 149 3335; x_wconf 82' lang='lat' dir='ltr'><strong>&#39;a</strong></span> <span class='ocrx_word' id='word_1_301' title='bbox 167 3284 195 3348; x_wconf 76' lang='lat' dir='ltr'><strong>(i)</strong></span> <span class='ocrx_word' id='word_1_302' title='bbox 213 3283 272 3336; x_wconf 87' lang='lat' dir='ltr'><strong>solo</strong></span> <span class='ocrx_word' id='word_1_303' title='bbox 290 3283 380 3333; x_wconf 88' lang='lat' dir='ltr'><strong>milite</strong></span> <span class='ocrx_word' id='word_1_304' title='bbox 397 3284 425 3330; x_wconf 79' lang='lat'>1</span> <span class='ocrx_word' id='word_1_305' title='bbox 445 3281 455 3348; x_wconf 71' lang='lat' dir='ltr'><strong>l</strong></span> <span class='ocrx_word' id='word_1_306' title='bbox 479 3285 512 3333; x_wconf 88' lang='grc'><strong>28</strong></span> <span class='ocrx_word' id='word_1_307' title='bbox 529 3281 648 3348; x_wconf 86' lang='lat' dir='ltr'><strong>plurima</strong></span> <span class='ocrx_word' id='word_1_308' title='bbox 665 3282 804 3346; x_wconf 73' lang='lat' dir='ltr'><strong>Jaeperua:</strong></span> <span class='ocrx_word' id='word_1_309' title='bbox 823 3278 904 3343; x_wconf 84' lang='lat' dir='ltr'><strong>plura</strong></span> <span class='ocrx_word' id='word_1_310' title='bbox 923 3279 950 3326; x_wconf 76' lang='grc' dir='ltr'><strong>Η</strong></span> <span class='ocrx_word' id='word_1_311' title='bbox 964 3275 969 3341; x_wconf 94' lang='grc' dir='ltr'>Ι</span> <span class='ocrx_word' id='word_1_312' title='bbox 984 3277 1027 3327; x_wconf 91' lang='lat' dir='ltr'><strong>in-</strong></span> 
     </span>
     <span class='ocr_line' id='line_1_38' title="bbox 59 3346 1028 3415; baseline -0.005 -14"><span class='ocrx_word' id='word_1_313' title='bbox 59 3355 140 3402; x_wconf 84' lang='lat' dir='ltr'><strong>erant</strong></span> <span class='ocrx_word' id='word_1_314' title='bbox 157 3351 232 3401; x_wconf 76' lang='lat' dir='ltr'><strong>AW:</strong></span> <span class='ocrx_word' id='word_1_315' title='bbox 251 3351 394 3402; x_wconf 83' lang='lat' dir='ltr'><strong>inhereant</strong></span> <span class='ocrx_word' id='word_1_316' title='bbox 410 3351 461 3399; x_wconf 76' lang='grc'><strong>110</strong></span> <span class='ocrx_word' id='word_1_317' title='bbox 475 3347 518 3415; x_wconf 77' lang='lat' dir='ltr'><strong>Vll</strong></span> <span class='ocrx_word' id='word_1_318' title='bbox 535 3352 568 3401; x_wconf 83' lang='lat'><strong>30</strong></span> <span class='ocrx_word' id='word_1_319' title='bbox 586 3364 648 3401; x_wconf 83' lang='lat' dir='ltr'><strong>sese</strong></span> <span class='ocrx_word' id='word_1_320' title='bbox 666 3348 763 3400; x_wconf 81' lang='lat' dir='ltr'><strong>dedere</strong></span> <span class='ocrx_word' id='word_1_321' title='bbox 781 3346 845 3397; x_wconf 77' lang='lat' dir='ltr'><strong>GV:</strong></span> <span class='ocrx_word' id='word_1_322' title='bbox 865 3346 993 3398; x_wconf 76' lang='lat' dir='ltr'><strong>resedere</strong></span> <span class='ocrx_word' id='word_1_323' title='bbox 1005 3346 1028 3393; x_wconf 78' lang='lat' dir='ltr'>A</span> 
     </span>
     <span class='ocr_line' id='line_1_39' title="bbox 59 3418 471 3483; baseline -0.007 -14"><span class='ocrx_word' id='word_1_324' title='bbox 59 3420 188 3471; x_wconf 85' lang='lat' dir='ltr'><strong>secedere</strong></span> <span class='ocrx_word' id='word_1_325' title='bbox 207 3420 240 3468; x_wconf 84' lang='lat' dir='ltr'>W</span> <span class='ocrx_word' id='word_1_326' title='bbox 258 3433 318 3472; x_wconf 85' lang='lat' dir='ltr'><strong>sese</strong></span> <span class='ocrx_word' id='word_1_327' title='bbox 334 3418 433 3483; x_wconf 82' lang='lat' dir='ltr'><strong>degere</strong></span> <span class='ocrx_word' id='word_1_328' title='bbox 451 3418 471 3466; x_wconf 78' lang='lat' dir='ltr'><strong>n</strong></span> 
     </span>
    </p>
   </div>
   <div class='ocr_carea' id='block_1_5' title="bbox 0 0 1214 4012">
    <p class='ocr_par' dir='ltr' id='par_1_5' title="bbox 0 0 1214 4012">
     <span class='ocr_line' id='line_1_40' title="bbox 0 0 1214 4012; baseline 0 0"><span class='ocrx_word' id='word_1_329' title='bbox 0 0 1214 4012; x_wconf 95' lang='lat' dir='ltr'><strong> </strong></span> 
     </span>
    </p>
   </div>
  </div>
 </body>
</html>
