2406 4012
140 217 204 281 272
463 220 525 270 ιιι.
550 218 683 271 escam
701 219 783 271 ιιι.

140 371 225 432 tores
276 372 363 433 utem
391 368 445 452 qui
474 389 525 431 me
552 368 587 431 in
614 368 751 450 posteris
781 368 847 433 suis
876 368 1021 433 audiunt.
1058 369 1099 433 ita

140 391 311 535 multiplici
332 453 568 517 circumuentus
590 454 694 534 metu,
723 453 815 549 quasi
836 474 953 537 parum
974 452 1100 519 habeam

139 537 253 601 timere
276 536 361 620 quod
381 537 486 615 uideO,
510 536 603 600 uideo
625 502 709 620 quod
730 537 873 601 timeam.
966 542 976 563 ¹
1128 556 1131 563 ·

204 620 247 684 ΙΙ.
296 619 377 694 Quid
386 620 505 716 ergo?
542 641 686 684 nouusne
713 642 766 685 me
787 642 889 704 pauor
916 622 987 685 et
977 643 1051 705 rnop
1052 622 1101 685 ina

113 722 126 763 s
139 704 342 787 trepidatio
332 725 367 766 m
383 704 454 786 ipso
474 704 599 768 dicendi
614 708 757 787 tempore
772 704 1008 789 deprehendit?
1029 644 1101 769 mihi

138 809 214 852 uero
242 787 276 851 hi
304 810 415 852 omnes
437 789 551 872 quibus
579 789 767 853 altrinsecus
794 790 898 854 iactor
926 798 1033 853 aestus
1053 790 1103 853 diu

137 875 213 936 ante
235 873 382 936 meditati
400 873 559 958 longeque
580 874 743 956 prospecti
765 877 850 937 sunt.
880 874 936 937 sed
961 895 1034 938 cum
1054 872 1102 937 ad·
1139 869 1147 913 l

137 957 307 1021 miratione
329 958 486 1022 uirtutum
507 961 635 1021 tuarum
661 958 701 1021 ab
723 957 837 1021 ultimo
860 957 1039 1021 Galliarum
1059 979 1104 1022 re·

140 1063 246 1126 cassu,
275 1064 338 1125 qua
362 1042 439 1105 litus
466 1041 578 1106 oceani
607 1042 773 1105 cadentem
801 1041 922 1124 excipit
950 1042 1048 1106 solem
1073 1045 1104 1105 et
1141 1042 1147 1109 l

101 1146 126 1185 ιο
140 1091 288 1190 deficient
289 1127 359 1190 ibus
381 1127 476 1190 terris
504 1123 620 1189 sociale
647 1126 798 1190 miscetur
826 1125 1037 1207 elementum,
1066 1126 1105 1189 ad
1140 1140 1147 1191 ,ἶ

139 1211 352 1274 contuendum
375 1213 407 1273 te
430 1209 689 1292 adorandumque
705 1213 1005 1308 properassem,ut
968 1210 1106 1275 utbona

160 1315 219 1357 uae
241 1294 370 1390 auribus
395 1315 539 1376 ceperam
562 1295 660 1357 etiam
681 1294 751 1357 uisu
773 1315 980 1391 usurparem:
1006 1295 1106 1377 timui,

138 1316 186 1440 llat
153 1380 255 1460 atem,
284 1378 328 1460 pii
350 1377 469 1440 laboris
498 1377 675 1442 officium
666 1379 766 1462 rmpia
786 1378 1013 1443 taciturnitate
1043 1400 1106 1443 cor-

100 1462 1106 1644 .supr..trusisti..irradiastis

139 1631 225 1696 dium
248 1634 280 1695 et
295 1631 468 1712 silentium,
493 1629 571 1694 duas
593 1651 644 1694 res
663 1630 927 1696 diuersissimas
916 1631 1023 1713 runxi,
1045 1652 1106 1694 ma

137 1719 206 1778 tum
235 1719 268 1779 et
293 1716 516 1779 temeritatem.
562 1715 641 1797 quin
668 1718 702 1778 et
726 1714 806 1778 illud
832 1736 885 1779 me
909 1680 1043 1798 impulit
1068 1714 1105 1778 sd

138 1800 307 1864 dicendum
340 1801 424 1883 quod
456 1804 492 1863 ut
478 1798 657 1862 tdicerem
689 1799 795 1863 nullus
829 1798 992 1884 adigebat.
1043 1820 1107 1863 non

139 1885 223 1946 enim
252 1885 316 1947 iam
345 1888 454 1948 coacta
475 1883 618 1947 laudatio
646 1888 679 1947 et
701 1904 866 1967 expressae
895 1887 985 1947 metu
1011 1904 1106 1948 uoces

97 1966 1106 2133 ²⁰llfflllltlltfltttltd..tiltlfflttffliltt

137 2135 300 2198 dominum
323 2156 414 2198 auras
437 2156 548 2199 omnes
562 2136 733 2219 plausuum
747 2102 950 2219 publicorum
972 2140 1106 2201 uentosa

136 2219 349 2304 popularitate
373 2223 506 2303 captant
507 2242 557 2284 em
584 2220 723 2284 mendax
745 2221 919 2285 assentatio
941 2220 1105 2305 titillabat,

138 2327 210 2368 cum
231 2305 334 2389 gratis
356 2305 496 2402 agebant
516 2303 625 2368 dolent
610 2307 659 2369 tes
682 2308 714 2369 et
734 2309 906 2387 tyrannum
927 2326 995 2369 non
1015 2326 1104 2389 prae·

97 2389 257 2453 radicasse
287 2389 467 2472 tyrannidis
500 2390 659 2453 accusatio
692 2390 877 2454 uocabatur.
926 2410 1017 2454 nunc
1048 2410 1105 2473 par

137 2473 264 2537 dicendi
270 2474 476 2571 tacendique
497 2473 690 2537 libertast
658 2476 690 2537 et
712 2495 808 2557 quam
829 2476 1016 2570 promptum
1041 2474 1104 2538 lau-

137 2557 212 2622 dare
227 2558 416 2641 principem,
439 2561 507 2621 tam
521 2560 627 2621 tutum
646 2558 771 2622 siluisse
786 2557 825 2621 de
839 2558 996 2641 principe.
1027 2557 1104 2623 libet

136 2641 235 2736 igitur
256 2641 414 2738 redditam
428 2641 628 2739 postliminio
651 2642 853 2707 securitatem
868 2641 1031 2724 loquendo
1055 2662 1103 2705 ex·

135 2723 248 2806 periri,
276 2724 370 2805 libet,
399 2725 546 2808 inquam,
576 2726 651 2810 quia
671 2727 832 2823 neminem
853 2726 957 2810 magis
979 2725 1103 2790 laudari

89 2826 123 2866 ao
135 2808 358 2890 imperatorem
381 2806 471 2872 decet
457 2811 590 2891 tquam
612 2832 705 2894 quem
727 2809 834 2874 minus
856 2831 987 2874 necesse
1010 2812 1069 2875 est

198 2890 257 2955 ΙΙΙ.
301 2890 366 2956 Det
351 2892 453 2977 tigit
454 2914 492 2956 ur
439 2892 597 2957 tmihi
624 2894 780 2959 sermonis
802 2893 896 2990 huius
925 2894 1103 2977 auspicium

135 2977 190 3042 ille
219 2975 323 3041 felicit
308 2977 386 3042 tatis
413 2976 561 3061 publicae
593 3000 711 3062 auspex
739 2979 805 3043 dies
837 2978 893 3061 qui
920 2980 954 3041 te
981 2978 1103 3061 primus

203 3203 309 3265 3priur
328 3201 399 3265 quod
417 3203 467 3252 del.
487 3215 511 3249 w
542 3198 547 3265 Ι
579 3201 661 3250 uideo
679 3200 758 3251 uideo
776 3201 922 3250 Liuineius.-
940 3199 1026 3250 uidao
1043 3202 1099 3251 1·
1096 3200 1105 3257 ,ἰ

135 3270 151 3317 9
170 3284 223 3333 quo
241 3270 274 3316 W
298 3265 308 3332 ΙΙ
334 3270 365 3317 12
383 3272 508 3332 teperam
526 3269 568 3333 Al
587 3269 649 3318 uisu
667 3268 690 3317 A
707 3269 752 3317 W.
771 3282 824 3318 usu
841 3267 907 3329 GV,
925 3282 973 3317 om
991 3267 1015 3317 B
1039 3266 1050 3333 ι
1075 3270 1105 3318 19

135 3351 267 3399 expressa
284 3336 307 3383 A
326 3336 505 3400 expressio!
534 3334 544 3402 ΙΙ
574 3339 607 3387 20
627 3339 708 3387 malim
726 3336 775 3401 fug
777 3337 830 3385 erit
849 3331 893 3386 ab.
924 3331 935 3397 ΙΙ
965 3336 1000 3384 24
1019 3336 1106 3402 gratis

134 3401 170 3450 A:
189 3403 261 3467 grat
265 3418 296 3452 as
313 3404 332 3451 B
352 3405 369 3452 ι
387 3402 410 3450 V
427 3403 459 3450 W
476 3409 569 3469 grates
587 3403 662 3456 Bert.
687 3401 696 3469 ΙΙ
720 3405 753 3453 26
757 3351 884 3453 gtacendi
902 3400 1106 3468 dicendiquco

136 3464 348 3583 litwalbmldrir
349 3471 384 3517 W
407 3466 417 3532 ΙΙ
447 3471 479 3519 31
498 3471 544 3522 det
563 3471 655 3536 Cresps
677 3471 710 3522 dc
730 3477 758 3522 te
776 3473 804 3519 Η
830 3467 840 3535 ι
869 3472 902 3519 δι
920 3468 970 3520 ille
988 3470 1028 3519 A.
1054 3471 1106 3522 erit

133 3549 144 3581 1
169 3548 183 3582 e
