2394 3990
191 229 254 293 114
489 228 542 281 111.
578 226 633 278 GL.
651 225 862 277 MAMERTINI

191 379 273 464 perii
299 378 400 443 uestri
421 375 609 441 felicitatem
636 380 673 441 at
692 374 834 472 undique
861 395 895 438 se
916 373 1074 438 barbarae
1103 395 1161 439 na·

190 465 295 529 tiones
322 461 464 527 uicissim
493 461 634 524 lacerent
663 461 697 522 et
717 458 867 523 enudant
912 457 1045 522 alternis
1067 457 1160 523 dimi·

193 547 373 613 cationibus
393 549 426 609 et
443 545 568 609 insidiis
590 543 695 608 clades
716 564 790 608 suas
805 508 969 627 duplicent
989 543 1022 606 et
1035 541 1160 608 instau-

192 636 273 713 rent,
296 629 489 696 Sarmaticas
505 632 630 694 uestras
646 631 678 692 et
691 627 841 692 Raeticae
861 630 894 691 et
907 624 1162 693 transrhenanus

164 734 178 772 ⁵
192 715 409 799 expeditiones
420 713 528 778 furore
537 713 677 798 percitae
692 713 727 777 in
740 714 841 776 semet
850 711 1026 775 imitentur.
1047 714 1161 777 sancte

190 799 335 884 Iuppiter
363 801 395 863 et
416 797 573 863 Hercules
595 797 693 880 bone,
723 796 854 861 tandem
875 794 959 860 bella
987 795 1098 860 ciuilia
1119 796 1160 861 ad

214 887 304 949 entes
334 883 391 948 illa
422 884 555 948 uesania
583 882 698 967 dignas
725 879 936 945 transtulistis
967 900 1161 965 omnemque

190 905 279 1033 illam
300 968 422 1033 rabiem
447 971 538 1032 extra
558 966 712 1030 terminos
734 964 828 1029 huius
850 963 977 1048 imperii
998 964 1034 1027 in
1056 967 1161 1029 terras

190 1052 332 1117 hostium
359 1052 536 1118 distulistis.
582 1049 717 1132 etenim,
751 1048 835 1131 quod
863 1048 910 1112 ait
936 1047 992 1112 ille
1019 1048 1159 1113 Romani

152 1155 177 1193 1⁰
191 1137 342 1201 carminis
363 1135 485 1218 primus
507 1136 633 1198 auctor:

264 1266 300 1323 ‘a
321 1260 388 1323 sole
410 1260 571 1324 exoriente
593 1278 693 1341 usque
715 1258 754 1321 ad
777 1257 897 1322 Maeoti
918 1256 1052 1342 paludes
1060 1265 1083 1342 ’,

188 1386 221 1449 id
247 1407 333 1450 nunc
355 1384 484 1469 longius
506 1384 696 1468 longiusque
718 1383 910 1467 protendere
931 1384 1024 1467 lieet,
1053 1384 1157 1469 siqui

189 1469 339 1535 hostilem
365 1470 401 1534 in
429 1471 540 1533 mutua
567 1468 658 1533 clade
690 1469 854 1532 uesaniam
881 1471 953 1532 toto
982 1469 1060 1533 orbe
1088 1490 1157 1553 per·

190 1558 330 1620 censeat.
376 1554 496 1619 etenim
518 1554 559 1618 ab
581 1553 651 1637 ipso
675 1553 752 1616 solis
775 1555 847 1616 ortu
869 1573 936 1616 non
958 1553 1055 1618 modo
1077 1554 1157 1618 citra

151 1655 177 1696 1⁵
189 1639 343 1704 Maeotim
371 1661 408 1704 ac
436 1638 494 1703 sub
523 1640 665 1702 extrema
692 1636 919 1720 septentrionis
947 1636 982 1720 pl
1053 1688 1063 1722 ,
1118 1659 1158 1703 ue

189 1724 348 1788 feruidum
381 1726 477 1807 caput
504 1722 670 1786 Danuuius
704 1721 827 1785 euoluit
855 1742 918 1804 qua
940 1658 1157 1787 aeabbrnlus

189 1810 277 1871 secat
304 1807 398 1871 Albis
427 1806 646 1890 Germaniam,
680 1805 736 1869 sed
764 1805 862 1869 etiam
890 1741 949 1869 suls
978 1805 1050 1889 ipso
1078 1807 1159 1872 lucis

189 1912 318 1973 occasu,
350 1911 412 1973 qua
440 1889 502 1953 Tin
527 1890 616 1953 itano
645 1889 731 1952 litori
758 1888 926 1973 Calpetani
955 1891 1077 1955 montis
1103 1891 1158 1955 ob·

189 1973 276 2036 aium
291 1973 375 2036 latus
397 1973 432 2036 in
447 1995 498 2036 me
524 1973 696 2037 'terraneos
719 1973 807 2037 sinus
829 1973 972 2038 admittit
990 1995 1157 2059 oceanum,

150 2065 286 2121 20ruunt
317 2077 428 2120 omnes
461 2058 496 2122 in
529 2057 721 2141 sanguinem
754 2079 847 2121 suum
879 2057 1006 2142 populi,
1042 2060 1158 2143 quibus

188 2163 362 2225 numquam
385 2140 524 2226 contigit
545 2162 613 2206 esse
628 2140 792 2224 Romanis,
816 2142 1062 2227 obstinataeque
1082 2142 1158 2209 feri·

188 2227 265 2290 tatis
311 2247 408 2291 oenas
430 2248 519 2290 nunc
542 2228 657 2310 sponte
678 2226 808 2310 persolu
853 2229 876 2291 t.

251 2310 282 2376 X
348 2359 355 2374 .
392 2309 484 2376 Furit
505 2311 541 2375 in
562 2311 686 2375 uiscera
708 2332 766 2374 sua
786 2333 867 2396 gens
890 2310 1011 2375 effrena
1028 2311 1158 2377 Mauro·

188 2417 269 2479 rum,
295 2396 394 2462 Gothi
416 2395 622 2481 Burgundios
641 2396 772 2543 penitus
794 2394 947 2460 excidunt
967 2417 1158 2495 rursumque

149 2496 175 2536 2⁵
187 2503 245 2564 pro
281 2472 389 2545 uictis'
413 2484 578 2545 armantur
609 2482 640 2544 A
654 2479 784 2544 amanni
820 2480 960 2564 itemque
989 2480 1155 2566 Terumgi,

186 2585 260 2646 pars
283 2565 346 2628 alia
368 2564 556 2646 Gothorum,
579 2565 731 2629 adiuncta
752 2586 851 2628 manu
872 2563 1081 2648 Taifalorum,
1105 2566 1157 2631 ad·

186 2667 315 2709 uersum
330 2647 497 2710 Vandalos
519 2646 721 2731 Gipedesque
744 2652 947 2713 concurrunt.
976 2649 1065 2734 ipsos
1080 2649 1158 2715 Per·

187 2750 237 2792 sas
260 2729 427 2813 ipsumque
448 2750 557 2814 regem
580 2730 709 2795 adscitis
732 2731 820 2796 Sacis
843 2736 875 2797 et
895 2732 997 2798 Rufiis
1021 2736 1055 2799 et
1069 2734 1157 2800 Galia
1191 2746 1195 2753 '

185 2812 268 2896 petit
295 2813 397 2877 frater
423 2813 547 2879 Ormies
574 2834 635 2880 nec
663 2815 795 2900 respicit
820 2818 873 2882 uel
900 2839 959 2902 pro
986 2818 1158 2885 maiestate

256 3003 320 3051 lut
337 3014 375 3051 w:
395 3019 441 3052 om.
458 3004 486 3052 11
511 3001 521 3069 ΙΙ
546 3005 819 3068 4tranerhenas1,
839 3019 943 3071 corae
968 3003 979 3071 11
1006 3009 1021 3056 7
1042 3005 1094 3057 illa
1110 3006 1158 3059 Li·

186 3071 298 3120 alnetus:
316 3068 380 3119 illas
398 3071 425 3116 11
445 3067 450 3134 Ι
470 3071 548 3136 digni
565 3073 593 3118 11
611 3072 696 3136 digna
714 3086 738 3121 w
762 3069 772 3137 ΙΙ
796 3073 827 3121 11
846 3087 934 3137 usque
953 3073 990 3123 ad
1007 3073 1158 3127 Liuineius:

187 3137 326 3203 adusque
346 3140 373 3185 11
392 3137 396 3199 Ι
416 3138 514 3189 meotis
532 3141 570 3200 Πς
592 3140 956 3205 Enniused.llat1.p.1oa
981 3138 991 3206 ss
1016 3144 1048 3191 la
1065 3142 1158 3207 siquis
1186 3174 1191 3199 -,

184 3205 205 3254 B
224 3208 241 3254 c
260 3207 282 3254 V
301 3218 325 3253 w
355 3202 365 3271 11
396 3207 428 3254 14
449 3205 502 3254 hae
525 3207 596 3256 citra
620 3207 706 3269 (cirea
727 3204 816 3270 Bert.)
838 3209 935 3258 meotis
957 3209 1008 3259 sub
1029 3211 1058 3258 Ι
1082 3211 1159 3261 cirea
1186 3250 1190 3257 .

183 3271 310 3322 Maeotin
329 3289 363 3323 ac
381 3272 431 3322 sub
449 3273 581 3324 Liuineius
592 3272 603 3340 ΙΙ
617 3277 647 3325 17
665 3272 755 3339 Albis]
776 3274 841 3323 alba
858 3276 886 3324 11
900 3274 975 3326 Bert.
992 3273 1048 3341 1118
1065 3275 1159 3329 litoris

185 3338 325 3402 salpitano
343 3343 371 3388 Ι
389 3340 464 3390 litori
482 3340 631 3406 scalpitani
648 3355 673 3390 w
690 3340 701 3408 ΙΙ
718 3343 750 3392 21
768 3344 905 3408 contingit
921 3344 944 3391 Δ
956 3345 989 3392 W
1001 3341 1012 3408 ΙΙ
1029 3346 1062 3395 23
1081 3358 1159 3395 man·

184 3420 276 3455 corum
294 3408 317 3455 Δ
340 3406 350 3473 ΙΙ
370 3410 403 3458 24
421 3406 578 3472 burgundos
595 3412 623 3457 11
644 3406 654 3473 ΙΙ
675 3411 708 3461 16
726 3409 897 3460 Taifalorum
915 3410 1006 3467 Bert.,·
1028 3410 1159 3463 theifalo-

183 3488 243 3522 rum
261 3476 288 3521 11
308 3472 319 3539 ΙΙ
342 3478 374 3524 27
392 3474 525 3525 bandalos
542 3474 596 3525 ΑΒ
609 3479 627 3525 0
639 3478 662 3525 V
679 3476 824 3528 blandalos
842 3477 875 3526 W
886 3477 962 3531 Bere.
985 3475 995 3543 ΙΙ
1016 3480 1049 3530 28
1068 3479 1160 3531 sacci!

184 3546 211 3590 et
229 3538 307 3592 rulfis
326 3544 355 3591 et
372 3541 455 3607 gellis
471 3541 566 3608 111119
585 3543 722 3596 Ormisela
739 3546 853 3595 Dinaeae
869 3547 926 3595 coll.
939 3545 1052 3611 Eutrop.
1066 3547 1114 3597 IX
1124 3550 1160 3597 25
