2406 4012
282 224 469 278 GENETHL.
485 224 695 280 MAXIMIANI.
714 228 821 278 16-19.
975 225 1037 291 115

26 358 31 363 ¹
66 373 161 471 quasi
181 392 292 521 reqem
313 372 366 437 uel
384 393 444 456 pro
464 374 585 457 pietate
607 374 699 459 quasi
714 373 858 439 fratrem.
888 374 1035 460 Burgun-

65 459 180 523 diones
194 458 226 521 A
239 477 451 521 amannorum
470 479 566 542 agros
587 481 792 544 occupauere,
816 458 871 523 sed
886 480 944 523 sua
959 481 1036 544 quo-

63 562 129 627 que
151 540 241 606 clade
263 540 434 625 quaesitos.
479 542 655 609 Alamanni
677 547 779 608 terras
802 544 950 623 amisere,
980 545 1035 608 sed

62 628 228 711 repetunt.
257 646 276 689 o
298 647 451 709 magnam
472 627 539 691 uim
560 628 701 692 numinis
720 628 835 692 uestri!
864 650 930 692 non
954 628 1036 692 istae

62 709 164 775 modo
200 708 343 793 aliaeque
376 713 489 795 gentes
525 712 647 775 uiribus
684 713 842 797 armisque
874 713 1060 778 terribilesc

61 794 184 859 fiducia
204 795 383 858 instructae
405 793 445 857 ad
462 795 637 878 perniciem
659 796 870 860 immanitatis
890 800 1034 882 utuntur,

61 878 120 943 sed
144 878 242 943 etiam
263 876 412 962 Blemyes
434 878 497 961 illi,
526 883 563 942 ut
584 878 694 961 audio,
721 880 846 944 leuibus
868 882 963 944 modo
986 905 1034 946 as·

61 961 150 1027 sueti
181 961 309 1046 sagittis
343 963 495 1026 aduersus
529 962 706 1046 Aethiopas
743 969 901 1047 quaerunt
934 987 1033 1049 arma,

61 1067 148 1131 quae
168 1066 236 1110 nou
255 1044 386 1129 habent,
409 1049 442 1110 et
455 1068 558 1131 paene
579 1046 674 1113 nudis
697 1048 778 1112 odiis
792 1049 914 1131 proelia
935 1049 1034 1113 inter·

59 1130 180 1197 necina
206 1129 422 1194 committunt.
1046 1154 1071 1194 10

127 1213 249 1279 XVlII.
277 1213 346 1277 lam
367 1214 407 1278 de
421 1214 637 1298 perduellibus
660 1217 815 1280 ultionem
836 1237 904 1280 non
925 1217 1032 1302 armis,

59 1320 131 1363 non
159 1298 300 1362 exercitu
329 1299 458 1396 capitis,
486 1301 569 1364 sicut
595 1300 759 1384 bucusque
781 1301 919 1365 fecistis:
956 1303 1030 1383 iam,

57 1384 204 1467 inquam,
226 1383 471 1447 fortunatissimi
486 1385 705 1468 imperatores,
727 1385 882 1450 felicitate
901 1386 1031 1452 uincitis

58 1466 141 1532 sola
169 1467 282 1551 ecquid
303 1488 454 1550 umquam
471 1467 609 1532 Romani
630 1470 792 1553 principes
815 1470 853 1533 de
874 1469 1031 1536 felicitate

58 1572 123 1617 sua
142 1551 320 1635 praedicari
339 1551 454 1616 laetius
476 1553 645 1617 audierunt
664 1576 761 1637 quam
783 1575 855 1617 cum
872 1553 1031 1618 diceretur
1045 1572 1069 1613 15

57 1634 171 1701 hostes
199 1636 377 1721 quiescere,
414 1638 532 1701 otiosos
561 1659 645 1718 esse,
682 1659 795 1721 pacem
824 1637 952 1700 colere?
998 1644 1032 1702 at

58 1720 150 1785 enim
176 1723 298 1803 quanto
320 1718 380 1785 hoc
408 1724 456 1785 est
477 1720 659 1786 laetabilius
688 1742 724 1784 ac
747 1720 859 1784 melius
885 1721 969 1805 quod
992 1722 1031 1786 de

56 1805 274 1889 prosperitate
303 1804 421 1869 saeculi
455 1805 554 1868 uestri
583 1805 729 1869 certatim
760 1805 902 1869 omnium
930 1804 1031 1870 homi·

56 1910 139 1953 num
155 1887 338 1952 circumfert
352 1909 471 1954 sermo:
489 1895 716 1955 concurrerunt
728 1889 859 1954 barbari
874 1889 914 1953 ad
931 1912 1028 1975 arma,

58 1972 118 2037 sed
139 1972 279 2038 inuicem
301 1972 500 2038 dimicaturi!
537 1973 684 2038 uicerunt
706 1975 850 2053 barbari,
878 1975 933 2040 sed
956 1997 1028 2041 con·
1042 1992 1068 2032 20

57 2057 256 2142 sanguineos
278 2059 368 2121 suos!
407 2060 474 2121 tam
496 2058 680 2124 innumeros
701 2059 809 2142 uobis,
837 2062 906 2123 tam
928 2082 1028 2125 nouos

57 2162 99 2205 ex
121 2141 208 2205 omni
230 2140 372 2204 hostium
400 2162 517 2226 genere
540 2164 702 2207 successus
724 2144 855 2208 fortuna
880 2145 1028 2227 suppedi-

57 2226 111 2289 tat
130 2228 168 2289 ut
188 2225 253 2288 iam
276 2224 355 2288 mihi
383 2246 513 2289 necesse
536 2227 578 2290 sit
599 2228 656 2291 illa
678 2249 759 2312 quae
783 2228 877 2291 initio
900 2249 1027 2309 separa-

57 2330 166 2374 ueram
194 2330 304 2373 rursus
326 2308 379 2373 bic
407 2312 568 2374 communi
589 2311 684 2375 laude
711 2311 920 2394 coniungere,
951 2311 1027 2375 dum

55 2396 220 2457 tantorum
258 2396 431 2456 euentuum
468 2415 584 2476 quaero
619 2395 796 2458 rationem:
839 2393 1026 2458 felicitatem
1040 2411 1066 2451 25

53 2476 169 2557 istam,
194 2477 308 2560 optimi
330 2477 555 2561 imperatores,
577 2478 697 2561 pietate
719 2477 897 2541 meruistis!

119 2559 208 2625 XIX.
238 2560 366 2645 Optime
387 2561 502 2646 igitur,
525 2564 681 2644 quantum
704 2561 856 2644 arbitror,
880 2563 1026 2626 sacratis-

53 2644 135 2709 sime
150 2645 334 2729 imperator‚
354 2645 434 2711 haec
448 2645 618 2729 potissima
633 2646 811 2732 elegi‘quae
825 2648 955 2731 gemino
970 2670 1025 2712 na·

122 2835 139 2884 3
152 2833 339 2896 quaeritant,
352 2849 423 2886 corr.
434 2836 519 2885 Liuia.
535 2832 539 2898 Ι
556 2834 712 2885 alamannie
725 2835 804 2884 Bcv
816 2832 826 2899 ΙΙ
839 2837 854 2885 5
866 2835 973 2886 uiribus
986 2849 1025 2885 w:

51 2900 214 2965 uiribusque
226 2901 254 2949 Η
266 2897 277 2966 fl
289 2902 304 2949 6
317 2917 351 2950 cn
368 2902 574 2951 instructurae?
589 2903 593 2962 Ι
608 2907 754 2952 rrertuntur
765 2902 897 2953 Liuineius
907 2900 919 2968 ΙΙ
932 2905 947 2953 7
959 2903 1023 2953 Ble-

50 2982 130 3033 myes
142 2966 165 3016 A
176 2968 268 3021 Bm..-
286 2967 396 3018 blemies
409 2969 442 3016 W
458 2969 581 3032 belmyes
593 2970 613 3018 B
624 2971 641 3017 0
652 2970 674 3017 V
688 2970 693 3032 1
708 2965 798 3035 modo]
812 2985 867 3019 non
879 2984 896 3033 ς
908 2970 1025 3020 Schwar-

50 3037 107 3087 zius
127 3032 138 3100 l
160 3038 177 3087 8
195 3051 272 3086 arma
288 3044 350 3100 post
366 3036 470 3086 habent
488 3038 567 3086 iterat
585 3039 602 3085 c
624 3033 634 3100 ΙΙ
658 3039 674 3086 9
692 3037 866 3086 interneciua
884 3039 901 3085 0
919 3037 941 3084 V
959 3033 969 3100 ΙΙ
992 3040 1024 3086 13

50 3102 192 3154 felicitate
209 3118 238 3153 u.
256 3104 316 3154 sola
337 3108 432 3168 scripsi
449 3107 464 3153 I.
483 3106 500 3155 l.
518 3104 583 3153 216:
610 3102 774 3153 felicitatem
791 3119 816 3153 u.
835 3102 889 3153 soli
906 3105 933 3150 Π
955 3101 965 3166 ΙΙ
991 3106 1024 3153 14

51 3170 154 3234 ecquid
171 3187 234 3237 epo:
258 3178 287 3221 et
306 3170 371 3234 quid
388 3172 408 3220 B
427 3173 449 3220 V
466 3173 499 3219 W
522 3177 550 3221 et
568 3170 674 3235 quode
697 3167 707 3234 l
732 3172 763 3220 16
782 3173 890 3236 quietos
909 3171 984 3221 otii
1009 3166 1021 3234 Η

50 3240 84 3289 19
103 3253 193 3289 sermo
213 3238 362 3289 concurre?
373 3241 479 3289 addidi:
497 3256 542 3290 om.
555 3239 582 3287 lt
599 3237 738 3288 hominum
757 3253 804 3287 ore
818 3235 1021 3286 circumfertur:

49 3304 131 3357 barb.
142 3306 177 3357 ad
186 3321 263 3357 arma
271 3312 438 3357 concurrunt
447 3309 504 3358 edd.
515 3304 657 3369 {barbaria
667 3305 813 3355 darchV
822 3303 953 3354 barbaria
961 3303 1023 3353 dar·

50 3407 132 3457 nias
150 3408 283 3458 barbaria
301 3385 414 3459 dalbiac
431 3408 561 3458 barbaria
580 3407 679 3456 demna
696 3419 721 3454 w
734 3402 744 3470 ΙΙ
756 3406 789 3455 25
808 3401 922 3470 quaero]
941 3405 1022 3457 credo

48 3472 168 3590 imavi!
197 3477 230 3526 27
248 3492 306 3527 sac.
323 3477 351 3525 ri
374 3476 378 3541 Ι
403 3479 535 3540 quantum
555 3474 673 3525 arbitror
690 3481 749 3538 post
767 3487 823 3528 sac.
841 3473 905 3539 imp.
923 3481 1023 3538 ponunt

830 3627 866 3677 8*
