2406 4012
250 101 462 154 THEODOSIO
481 100 653 153 AUGUSTO
671 103 706 158 D.
727 105 836 154 45—47.
962 102 1026 167 313

55 251 177 332 liberis,
201 251 308 315 cuncti
329 250 475 333 denique,
500 251 585 334 quod
603 253 651 315 est
666 250 798 333 dulcius,
821 251 1024 316 innocentiae

55 335 199 400 restituti
222 337 305 398 sunt.
350 335 436 416 uide,
458 336 646 418 imperator,
674 334 749 417 quid
771 335 832 400 hac
855 335 1025 400 clementia

57 423 248 486 consecutus
271 420 323 483 sis.
357 418 464 483 fecisti
438 424 522 482 tut
538 440 633 483 nemo
656 419 717 483 sibi
732 419 835 484 uictus
849 422 882 484 te
902 420 1024 484 uictore

55 503 165 568 uideat
151 507 212 567 ι.ιι
258 506 348 587 spect
334 503 424 566 tabas
448 503 528 567 haec
550 524 567 567 e
588 503 652 567 tuis
675 503 826 585 collibus,
849 503 966 585 Roma,
993 509 1026 568 et

56 590 192 671 septena
215 609 288 652 arce
310 586 454 651 sublimis
478 587 592 652 celsior
612 588 730 685 gaudio
751 553 914 652 feretrarie.
1037 607 1053 649 s

122 670 235 735 XLVI.
288 671 352 754 Tu,
382 693 463 755 quae
490 674 621 755 experta
649 671 814 737 Oinnanos
841 672 964 736 furores
992 677 1025 736 et

58 750 197 819 Marium
225 759 299 839 post
327 721 421 819 eirilia
450 755 674 820 crudelemet
659 755 865 822 ttSullam
850 759 907 821 tua
937 756 1025 821 clade

57 839 197 905 Felicem
227 844 259 903 et
285 839 492 904 ansarem
483 862 518 903 m
545 843 686 905 mortuos
718 840 954 905 misericordem
984 841 1023 904 ad

14 1001 19 1005 ¹
58 945 153 988 omne
191 923 293 989 ciuilis
331 928 434 988 motus
472 925 640 989 classicum
676 925 903 1007 t‚remescebas
945 947 1024 1008 quae

56 1011 184 1106 praeter
211 1011 353 1105 stragem
381 1008 575 1073 militumt
540 1012 672 1092 utraque
696 1009 755 1074 tibi
776 1013 869 1093 parte
890 1031 1023 1093 perenn·
1037 1030 1065 1070 ro

55 1094 139 1157 tium
162 1094 302 1157 extincta
269 1092 410 1157 tdomi
437 1097 567 1158 senatus
589 1095 637 1157 tui
659 1093 795 1177 lumina,
824 1093 936 1160 suffixa
957 1095 1023 1177 pilo

58 1177 226 1241 consulum
253 1179 376 1262 capita,
326 1175 467 1243 tath
453 1181 544 1242 tones
567 1178 603 1243 in
623 1182 758 1243 mortem
786 1182 913 1243 coactos
934 1181 1024 1243 trun-

58 1281 175 1358 cosque
203 1228 437 1327 Ciceronest
404 1265 437 1326 et
464 1253 634 1360 Pompeios
666 1262 799 1328 fleueras
814 1263 1023 1360 insepultos,

58 1345 110 1410 cui
138 1344 254 1410 damna
278 1347 429 1442 grauiora
457 1348 573 1411 scissus
600 1347 636 1410 in
657 1350 765 1430 partes
793 1347 911 1412 ciuium
938 1348 1025 1443 furor

80 1450 153 1494 uam
181 1430 322 1513 portis
313 1432 483 1494 imminens
510 1430 639 1495 Poenus
668 1433 725 1494 aut
749 1435 897 1515 receptus
924 1431 1023 1494 muris
1037 1450 1064 1492 ιι

57 1451 202 1579 Oallus
192 1514 436 1599 intulerat3tcu1
429 1515 588 1578 Alliensi
611 1514 662 1577 die
682 1514 780 1578 Emat
781 1515 835 1578 hia
855 1515 1024 1596 funestior,

59 1596 182 1662 Cannis
207 1597 333 1664 Collina
353 1565 489 1662 feralior
515 1602 583 1663 tam
612 1599 695 1662 altas
723 1598 801 1662 olim
828 1564 1025 1682 reliquerunt

58 1682 221 1747 cicatrices
254 1686 290 1747 ut
320 1683 451 1768 gramus
484 1704 610 1767 semper
635 1685 724 1780 tuam
756 1704 853 1766 quam
886 1683 1025 1746 alienam

57 1769 188 1913 experta
209 1767 311 1832 uirtut
297 1771 362 1832 tem
390 1766 473 1831 nihil
495 1767 555 1831 tibi
581 1767 686 1852 magis
709 1789 804 1850 quam
825 1770 858 1831 te
879 1767 1022 1831 timeres:

55 1873 91 1914 ur
113 1851 168 1914 isti
197 1851 290 1916 ciuile
313 1852 432 1915 bellum
460 1851 601 1916 hostium
628 1852 738 1929 caede,
768 1851 906 1915 militum
935 1872 1022 1934 pace,
1037 1871 1065 1910 so

55 1934 169 1999 Italiae
190 1937 492 2019 recuperatione,t
494 1958 534 2000 ua
477 1935 703 2001 tlibertate
725 1902 797 2000 linit
783 1939 924 2020 tum3u
903 1935 1023 2018 uidisti,

56 2018 203 2116 inquam,
233 2020 360 2084 finitum
387 2020 481 2085 ciuile
503 2020 622 2085 bellum
650 2022 701 2086 cui
724 2021 892 2086 decernere
914 2040 1024 2103 posses

57 2102 264 2251 triumphum.

121 2186 151 2251 X
181 2187 244 2252 VH
306 2187 470 2253 Hactenus
505 2190 637 2272 memet,
673 2189 811 2272 imperat
812 2209 849 2251 or
881 2191 1024 2273 auguste,

56 2273 246 2354 praeteritas
273 2293 324 2336 res
345 2276 419 2336 tuas
448 2275 636 2370 attrectasse
663 2271 712 2336 fas
739 2272 846 2336 fuerit.
891 2275 926 2335 at
951 2290 1065 2336 cumas

56 2362 196 2453 tempus
220 2356 392 2422 admoneat
431 2356 614 2421 meminisse
650 2357 884 2454 praesentium,
927 2356 1025 2420 finem

57 2440 197 2505 sermoni
224 2441 331 2506 facere
357 2441 525 2505 maluerim
547 2463 642 2525 quam
669 2441 703 2504 in
727 2440 916 2524 amplissimi
943 2440 1024 2505 ordi-

56 2525 108 2588 nis
135 2545 251 2589 munus
278 2525 442 2622 inuadere.
487 2525 575 2590 dabit
561 2529 614 2589 tur
637 2528 808 2623 utcumque
836 2525 931 2590 uenia
952 2526 1025 2608 piae

56 2608 245 2692 temeritati,
277 2610 304 2673 si
333 2631 503 2694 usurpasse
531 2609 727 2694 communia,
759 2631 826 2709 non
853 2631 931 2675 occu
955 2631 1025 2674 asse

57 2692 221 2759 uideamur
248 2694 364 2758 aliena.
414 2694 541 2759 licuerit
567 2693 682 2791 m1h1,
702 2717 781 2778 quae
815 2694 850 2759 in
878 2632 1024 2759 baritaris
1037 2713 1065 2754 ao

57 2777 209 2863 gentibus
244 2777 491 2863 longinquisque
524 2778 700 2863 prouinciis
736 2799 795 2862 pro
831 2801 955 2843 summa
990 2800 1025 2843 re

127 3003 139 3050 l
159 3000 338 3051 innocentiae
357 3000 428 3064 quod
445 3006 489 3051 est
506 2999 613 3050 dulcius
631 3001 651 3048 B
669 3002 687 3048 0
703 2999 778 3059 tw,
795 3001 890 3049 rectius
907 2999 930 3047 Δ
948 2999 1023 3049 Bere.

56 3064 65 3131 ι
93 3065 152 3131 ιιι
171 3073 199 3117 et
217 3067 290 3118 Bert.
316 3066 326 3133 ιι
355 3069 451 3132 ttuq3
471 3084 533 3132 exp.
550 3066 613 3116 Η
640 3064 651 3131 ιι
681 3069 713 3116 14
734 3071 814 3131 parte
832 3066 891 3116 sciit
909 3066 1025 3116 furori

57 3134 160 3186 ciuium
178 3152 223 3187 om.
242 3135 316 3187 Bert.
342 3133 352 3199 Ιι
383 3138 414 3186 16
433 3135 563 3185 halliensi
580 3135 608 3182 tt
631 3131 635 3198 ι
660 3133 704 3184 <lie
723 3134 831 3184 emacis
848 3133 881 3181 A:
906 3133 1025 3184 diecina-

56 3203 97 3253 tia
113 3204 147 3250 W
164 3201 312 3252 dieematia
329 3204 350 3251 B
369 3203 391 3250 V
409 3203 451 3252 die
470 3202 610 3252 einatisO
635 3200 645 3267 ιι
676 3204 706 3252 17
725 3200 894 3265 reliquerant
911 3214 937 3250 w
959 3199 969 3265 ιι
994 3203 1025 3251 19

56 3270 203 3350 timeris-A
227 3267 237 3334 ιι
260 3273 291 3320 21
312 3267 425 3334 Italiae]
446 3271 548 3320 ciuium
566 3283 591 3318 w
615 3267 625 3333 ιι
655 3271 687 3318 26
707 3268 852 3319 admoneat
870 3268 1025 3318 meminisse

55 3353 92 3402 A:
120 3352 199 3405 admo
217 3355 375 3404 meminisse
392 3355 413 3402 B
428 3355 452 3402 V
475 3353 663 3404 admonuisset
679 3354 697 3402 O
719 3354 756 3403 sit
773 3351 916 3402 admodum
934 3352 1026 3402 memi-

56 3420 133 3472 nisse
152 3434 177 3468 ιι
200 3419 210 3486 ι
234 3423 267 3471 29
285 3422 438 3472 temeritati
457 3418 493 3487 si]
513 3422 678 3472 temeritatis
695 3423 723 3468 it
741 3420 891 3471 temeritati
908 3434 933 3470 v
