2406 4012
134 194 175 259 82
458 195 480 246 1.
517 192 546 246 c.
565 193 681 245 Pn1u11
698 191 781 243 Pau.
1108 39 1152 196 Ἰ

190 342 384 409 LXXXVII.
393 343 494 409 Ciuile
507 341 568 407 hoc
580 345 649 406 erat
661 344 693 405 et
702 342 830 424 parenti
841 341 975 425 publico
986 363 1109 409 conue-

134 430 381 512 nientissimum,
402 427 485 493 nihil
501 448 614 511 cogere
629 446 816 509 semperque
830 426 1022 493 meminisse
1037 428 1110 493 nul-

133 516 198 580 lam
210 518 342 612 ,tantem
360 514 555 609 potestatem
575 510 723 608 cuiquam
738 510 806 575 dari
820 532 913 596 posse
929 513 1052 577 utnon
1067 514 1113 611 sit

108 594 1111 765 ⁵{llllstabilitatis?uitasset

133 767 335 832 uacationem
356 766 477 830 inuitus
500 765 644 850 quidem,
675 765 730 829 sed
751 767 863 829 tamen
885 765 1031 850 tribuas3
1055 766 1109 851 qui

134 854 174 918 ab
197 853 307 918 amicis
330 850 494 916 crantibus
522 850 664 934 requiem
690 870 757 913 non
779 853 811 914 te
833 849 972 933 relinqui
994 854 1110 936 putes3

135 937 190 1021 qui
205 959 330 1022 semper
351 936 497 1001 inuenies
519 939 551 1000 et
572 955 649 1019 quos
671 956 709 998 ex
729 935 796 998 otio
816 956 950 999 reuoces
971 938 1006 1000 et
1026 956 1108 1020 quos

134 1022 199 1087 otio
221 1022 345 1087 reddas.
375 1043 433 1086 uos
457 1042 590 1104 quoquc,
635 1040 691 1084 uos
705 1040 820 1103 parens
835 1021 945 1085 noster
964 1020 1108 1086 familia·

97 1128 122 1166 ιο
135 1107 213 1171 riter
235 1108 393 1190 inspicere
421 1105 587 1189 dignatur,
613 1041 723 1168 louete
749 1103 904 1169 iudicium
926 1105 995 1169 eius
1020 1103 1107 1189 qnod

135 1192 173 1255 de
196 1191 287 1254 uobis
309 1189 424 1254 habet:
446 1189 500 1253 hic
513 1192 620 1254 uester
634 1188 726 1253 labor
741 1191 799 1253 est.
829 1188 981 1273 princeps
1004 1190 1106 1275 enim,

134 1297 207 1339 cum
229 1275 265 1338 in
287 1295 351 1338 uno
378 1273 529 1357 probauit
558 1296 666 1340 amere
695 1294 728 1338 se
756 1273 855 1356 scire,
883 1277 980 1339 uacat
1002 1274 1109 1358 culpa,

134 1360 161 1423 si
183 1359 263 1423 alios
285 1359 391 1423 minus
415 1362 510 1423 amat.
541 1359 647 1443 ipsum
668 1357 795 1442 quidem
815 1359 886 1441 quis
900 1358 1108 1424 mediocriter

134 1444 267 1529 diligat,
300 1465 372 1508 eum
398 1443 428 1508 le
453 1465 486 1508 es
520 1444 648 1508 amandi
678 1465 745 1508 non
773 1442 827 1507 det
855 1443 911 1507 sed
942 1442 1108 1527 accipiet?

96 1527 187 1594 uhic
219 1550 385 1614 praesens,
419 1465 474 1592 ille
507 1527 633 1592 mauult
665 1529 780 1592 absens
813 1528 928 1593 amari:
971 1530 1110 1626 uterque

135 1618 260 1680 amatur
293 1617 329 1679 ut
361 1612 497 1680 mauult:
536 1634 631 1677 nemo
670 1612 705 1677 in
736 1611 878 1677 taedium
909 1616 1107 1697 praesentia,

134 1721 229 1765 nemo
257 1700 292 1764 in
319 1699 514 1764 obliuionem
541 1697 687 1762 absentia
716 1698 816 1762 uenit.
852 1700 944 1762 tenet
970 1698 1109 1781 quisue

134 1785 239 1848 locum
261 1805 356 1930 quem
378 1783 476 1847 semel
503 1783 628 1865 meruit,
655 1781 845 1865 faciliusque
874 1784 982 1847 estut
1003 1719 1108 1847 osiris

136 1869 202 1932 eius
224 1890 267 1931 uu
280 1873 332 1931 tus
355 1866 495 1931 absentis
519 1888 616 1949 quam
637 1869 673 1930 ut
694 1867 799 1931 animo
822 1868 938 1931 caritas
962 1866 1103 1931 excidat.

97 1970 123 2009 20
192 1949 402 2014 LXXXVIII.
421 1949 569 2033 Plerique
584 1951 756 2037 principes,
772 1973 844 2017 cum
860 1954 969 2016 essent
986 1951 1108 2017 ciuium

136 2035 266 2118 domini,
279 2034 466 2099 libertorum
482 2036 574 2098 erant
585 2038 684 2100 serui:
698 2035 812 2101 horum
825 2036 979 2119 consiliis,
990 2035 1108 2101 horum

134 2122 215 2185 nutu
227 2119 431 2205 regebantur,
448 2140 505 2203 per
519 2119 577 2184 hos
590 2120 772 2204 audiebant,
787 2143 844 2206 per
858 2121 918 2184 hos
928 2120 1108 2204 loqueban-

134 2208 198 2287 tur,
206 2227 265 2289 per
274 2205 332 2269 hos
343 2206 512 2289 praeturae
523 2206 620 2269 etiam
633 2208 665 2269 ct
676 2205 855 2270 sacerdotia
866 2209 898 2270 et
909 2204 1107 2286 consulatus,

134 2290 232 2355 immo
253 2293 285 2355 et
306 2289 347 2354 ab
368 2288 418 2353 his
439 2290 640 2373 petebantur.
671 2293 707 2353 tu
722 2288 846 2354 libertis
860 2290 926 2354 tuis
941 2310 1107 2355 summum

97 2394 122 2434 es
136 2377 264 2458 quidem
285 2375 441 2441 honorem
474 2375 528 2439 sed
549 2378 712 2459 tamquam
734 2374 860 2439 libertis
881 2374 981 2439 habes
1003 2374 1107 2439 ebun-

136 2460 236 2544 deque
265 2461 410 2526 sufficere
439 2425 489 2524 lis
522 2459 640 2542 credis,
671 2460 698 2522 si
719 2459 813 2542 probi
836 2462 868 2555 et
888 2459 975 2556 frugi
997 2459 1108 2523 existi·

135 2549 270 2610 mentur.
311 2547 373 2609 scis
402 2545 488 2609 enim
516 2544 723 2691 praeciquum
759 2564 828 2608 esse
855 2543 1008 2608 indicrum
1038 2565 1108 2608 non

134 2629 245 2711 magni
267 2628 371 2709 princi
396 2628 423 2690 is
446 2649 583 2711 magnos
605 2628 629 2691 li
652 2631 746 2692 ertos.
777 2649 814 2692 ac
836 2628 976 2713 primum
1002 2628 1106 2693 nemi-

134 2710 266 2775 nemin
294 2732 354 2774 usu
405 2710 480 2774 abes
510 2713 573 2775 nisi
600 2714 656 2775 aut
682 2712 742 2776 tibi
771 2716 826 2777 aut
853 2712 937 2798 patri
963 2715 1021 2777 tuo
1051 2716 1108 2777 aut

95 2814 122 2855 ec
135 2794 256 2880 optimo
291 2795 404 2878 cuique
441 2795 623 2879 principum
663 2795 814 2862 dilectum
860 2800 1107 2882 spectatumque

136 2878 268 2964 cotidie;
292 2878 350 2943 hos
372 2880 460 2965 ipsos
487 2880 600 2945 deinde
626 2881 672 2946 ita
698 2882 817 2948 formas
846 2886 882 2946 ut
903 2903 937 2946 se
958 2903 1025 2946 non
1047 2886 1108 2947 tua

134 2965 279 3046 fortuna,
309 2964 364 3028 sed
392 2987 449 3029 sua
476 2965 666 3030 metiantur:
699 2969 732 3030 et
763 2970 854 3031 tanto
879 2965 985 3051 magis
1012 2964 1108 3051 digni

135 3049 250 3133 quibus
277 3049 382 3115 honor
410 3052 512 3115 omnis
540 3053 717 3134 praestetur
746 3074 764 3114 a
791 3051 902 3133 nobis,
930 3051 1006 3135 quia
1035 3072 1106 3116 non

137 3192 333 3201 ..η-φα...-

204 3260 236 3307 10
260 3258 351 3308 fouete
374 3272 403 3322 ςι
432 3257 509 3307 fouet
529 3259 556 3307 1
583 3254 593 3321 ΙΙ
624 3259 654 3307 16
683 3261 792 3307 amatur
815 3259 845 3308 G.
870 3259 907 3310 H.
931 3256 1109 3321 Schaesems:

136 3330 243 3374 ametur
265 3327 292 3372 H
324 3322 334 3390 n
367 3327 398 3374 17
424 3326 504 3375 uenit
527 3340 557 3391 ςι
590 3327 688 3375 ueniat
712 3326 740 3372 lt
768 3322 771 3389 ξ
800 3325 916 3389 quisquc
938 3325 1013 3374 BV:
1041 3325 1107 3389 quie

135 3393 203 3439 ow
220 3392 229 3455 Η
246 3394 278 3443 18
297 3390 394 3457 semel]
414 3408 519 3459 semper
537 3395 554 3442 0
572 3392 581 3458 l}
597 3395 630 3444 30
649 3392 775 3457 cuiquam
793 3394 814 3441 B
832 3395 850 3442 0
867 3395 890 3442 V
910 3392 914 3457 Ι
934 3394 1112 3458 spectatum.

136 3472 189 3521 que
209 3460 349 3510 Gesneruc:
368 3462 519 3525 statimque
536 3463 564 3509 lt
582 3460 811 3524 aestimatumque
831 3462 954 3511 Gruterus
977 3458 989 3525 fl
1012 3462 1045 3510 31
1059 3476 1107 3512 co-

135 3525 217 3589 tidie3
237 3524 286 3577 hos
304 3528 379 3591 ipsos
397 3543 458 3593 epo:
476 3529 525 3581 hos
544 3529 619 3594 ipsos
638 3527 777 3579 cotidielt
789 3526 798 3593 l}
812 3531 845 3580 32
862 3534 889 3579 et
907 3530 958 3580 del.
970 3529 1109 3580 Liuineius
