2406 4012
171 235 232 299 146
498 233 531 285 V.
563 231 711 283 INCERTI
728 232 810 284 Plu.
1160 39 1197 282 Ἰ

169 390 255 475 runt,
278 385 333 449 sed
355 384 418 449 hoe
439 385 544 467 ipsum
567 385 600 447 et
621 382 656 446 in
671 380 950 446 administratione
971 382 1142 466 prouiden-
1194 368 1197 385 ³

170 472 234 536 tiae
257 473 382 535 uestrae
406 471 439 533 et
460 468 495 533 in
510 466 687 531 refectione
701 467 848 532 fortunae
870 467 1048 551 impensius
1071 490 1140 555 gra
1195 518 1197 523 .

169 556 315 637 talantur
341 553 423 638 quod
445 556 540 617 tanta
561 552 618 615 illa
646 552 696 616 uis
722 551 871 615 nauticae
898 550 1087 617 rebellionis
1107 554 1141 618 in
1195 582 1197 589 ·

171 639 318 725 uestigiis
354 638 421 702 suis
458 637 607 701 concidit.
660 639 755 720 atque
788 636 892 719 ipsam
923 635 1141 721 Britanniam,
1194 678 1197 683 -

145 744 252 808 aquae
275 724 382 788 sedem
396 724 463 786 tam
478 721 629 786 diuturno
652 721 763 784 sceleri
779 721 989 805 praebuisset,
1014 726 1142 787 constat

170 809 339 873 uictoriam
361 809 502 871 uestram
524 806 592 870 sola
614 806 663 869 sui
684 805 887 870 restitutione
909 807 1060 871 sensisse.

234 893 323 957 XlX.
366 891 482 956 Merito
508 891 519 955 i
546 891 608 954 'tur
636 890 745 954 statim
773 892 869 974 atque
897 889 938 955 ad
959 890 1045 955 litus·
1062 891 1141 956 illud

171 981 340 1062 exoptatus
363 976 438 1041 olim
460 975 517 1040 uin
540 997 578 1040 ex
601 977 634 1039 et
649 973 803 1038 liberator
824 975 1007 1059 appuleras,
1029 975 1141 1041 obuius

171 1084 239 1128 sese
266 1061 426 1127 maiestati
447 1068 521 1124 tuae
542 1058 725 1143 triumphus
755 1059 868 1123 effudit
895 1060 1141 1144 exultantesque

132 1148 288 1232 1ogaudio
315 1146 467 1210 Britanni
494 1166 566 1208 oum
596 1143 785 1229 coniugibus
814 1165 851 1218 ac
878 1143 990 1208 liberis
1019 1145 1141 1210 obtule·

170 1234 261 1313 runt,
283 1251 349 1294 non
371 1234 404 1293 te
426 1229 531 1311 ipsum
552 1229 662 1312 modo,
686 1249 780 1312 quem
802 1232 839 1292 ut
861 1228 950 1294 caelo
974 1229 1142 1313 delapsum

170 1314 396 1395 intuebantur,
424 1312 480 1376 sed
502 1313 599 1376 etiam
620 1314 713 1377 nauis
735 1312 837 1395 illius,
865 1334 947 1396 quae
968 1316 1061 1378 tuum
1083 1336 1141 1379 nu-

170 1421 246 1463 men
273 1399 458 1478 aduexerat,
487 1397 560 1462 uela
580 1399 779 1483 remigioque
807 1402 1002 1463 uenerantes
1023 1399 1141 1482 parati·

171 1505 232 1568 que
253 1486 287 1548 te
308 1482 543 1568 ingredientem
566 1483 675 1546 stratis
697 1482 816 1546 sentire
839 1483 1038 1566 corporibus.
1081 1504 1141 1548 nec

133 1570 289 1634 remitum
311 1569 338 1633 si
358 1571 450 1633 tanto
470 1567 588 1653 gaudio
609 1567 796 1632 ferebantur
816 1569 891 1650 post
910 1570 961 1631 tot
982 1588 1141 1633 annorum

171 1653 385 1719 miserrimam
422 1653 660 1739 captiuitatem,
698 1654 773 1734 post
805 1650 942 1716 uiolatas
976 1652 1141 1737 coniuges,

170 1741 246 1824 post
275 1739 446 1803 liberorum
474 1740 568 1820 turpe
596 1736 761 1800 seruitium
793 1735 925 1800 tandem
952 1736 1048 1801 liberi
1071 1741 1142 1801 tan-

172 1825 306 1905 demque
328 1822 479 1905 Romani,
501 1821 633 1885 tandem
654 1842 731 1884 uera
751 1820 878 1904 imperii
899 1821 971 1886 luce
992 1822 1141 1887 recreati.

172 1907 328 1989 siquidem
343 1910 469 1988 praeter
487 1903 786 2002 illamclementiae
805 1908 931 1970 uestrae
946 1905 1143 2053 qpetatisque

133 1990 410 2170 ”trusus
428 2010 600 2137 tunt
616 1990 1143 2159 rrrtrtrrtrlztlur

170 2162 293 2222 tutum:
330 2179 365 2221 rn
386 2156 495 2222 fronte
517 2158 704 2241 grauitatis,
733 2159 769 2223 in
796 2158 897 2224 oculis
917 2158 1078 2244 lenitatis,
1107 2159 1143 2225 in

171 2245 288 2309 rubore
310 2243 531 2326 uerecundiae,
551 2243 586 2307 in
609 2263 755 2307 sermone
778 2243 929 2308 iustitiae.
971 2265 1055 2328 quae
1077 2244 1142 2308 sin-

172 2329 250 2414 gula
268 2332 304 2392 ut
318 2331 537 2412 respectantes
553 2327 768 2411 aduerterunt,
790 2328 931 2392 laetitiae
947 2327 1142 2394 clamoribus

132 2432 158 2474 25
172 2413 402 2479 concinebant:
425 2414 517 2478 uobis
539 2435 583 2495 se,
606 2413 698 2477 uobis
720 2412 838 2477 liberos
860 2433 944 2495 suos,
968 2414 1088 2478 uestris
1106 2413 1142 2477 li-

170 2499 255 2562 beris
278 2498 382 2562 omnis
404 2499 532 2582 generis
555 2497 604 2561 sui
626 2500 769 2581 posteros
792 2497 1004 2561 deuouebant.

235 2581 306 2645 XX.
355 2581 424 2645 Nos
447 2582 574 2666 quidem
596 2585 697 2665 certe,
727 2603 808 2665 ope
848 2583 913 2646 atui
934 2584 1089 2665 parentes
1111 2586 1143 2647 et

171 2664 293 2727 domini
328 2664 455 2747 generis
487 2665 638 2745 humani,
678 2666 738 2731 hoc
771 2688 790 2729 a
844 2666 871 2730 is
904 2666 1142 2732 immortalibus

173 2747 263 2810 omni
297 2749 444 2810 uotorum
475 2748 715 2830 nuncupatione
750 2750 950 2834 deposcimus
983 2755 1022 2816 ut
1047 2751 1143 2816 liberi

134 2832 370 2914 eonepotesque
403 2832 506 2895 nostri
539 2834 572 2895 et
604 2833 695 2917 siqua
730 2835 877 2900 omnibus
911 2835 1048 2900 saeculis
1081 2838 1143 2901 erit

242 3024 254 3071 l
273 3029 333 3087 post
351 3021 590 3072 administratione
602 3025 630 3070 ll
641 3025 702 3073 odd.
714 3023 769 3084 uel,
788 3026 837 3074 del.
850 3039 883 3087 w,
902 3041 948 3075 om.
963 3025 1040 3075 Bert.
1054 3022 1094 3093 l²
1113 3026 1142 3073 in

172 3089 326 3141 refectione
343 3090 452 3154 scripsi:
470 3089 618 3140 infectione
633 3092 660 3137 ll
677 3092 708 3141 in
725 3091 847 3142 feliciore
859 3105 884 3141 w
903 3091 1084 3143 confectione
1095 3093 1141 3143 Ιιί·

171 3161 270 3209 uineiua
283 3157 430 3209 effectione
443 3161 484 3208 uel
492 3158 671 3209 festinatione
681 3159 804 3209 Grutcrm
819 3160 824 3221 l
840 3160 952 3210 fortuna
961 3160 1021 3208 Ν
1033 3158 1044 3225 l
1056 3161 1073 3211 t
1085 3164 1142 3211 tam

171 3243 218 3277 om.
236 3229 269 3276 W
293 3224 303 3291 ΙΙ
330 3228 346 3276 6
364 3228 482 3276 uestram
499 3233 558 3291 post
575 3227 722 3277 uictoriam
740 3228 763 3275 A
780 3227 813 3275 W
829 3227 915 3289 Bora,
939 3235 1000 3291 post
1016 3227 1143 3279 sensisse

171 3295 191 3342 B
209 3297 227 3342 0
245 3295 268 3341 V
284 3301 382 3359 ponunt
396 3292 401 3357 Ι
417 3290 471 3358 aui]
491 3295 532 3344 tui
552 3294 685 3344 Liuineius
701 3292 740 3358 119
758 3295 902 3346 maiestati
919 3296 964 3344 W:
984 3295 1142 3347 maiestatis

170 3363 193 3410 Δ
210 3362 230 3408 B
249 3364 266 3409 0
284 3363 307 3409 v
319 3359 329 3427 ΙΙ
344 3364 372 3411 11
394 3365 424 3411 nt
442 3377 488 3412 om.
500 3362 534 3409 W
546 3359 556 3426 ΙΙ
570 3363 600 3411 17
620 3362 784 3425 tandemque
796 3388 830 3397 —
843 3366 875 3413 19
893 3362 1027 3426 siquidem
1044 3378 1093 3414 om.
1110 3362 1144 3411 W

173 3425 185 3491 2}
218 3430 250 3478 20
274 3429 431 3480 celebratur
448 3430 484 3478 A:
513 3429 708 3479 celebrabatur
729 3430 749 3477 B
767 3430 784 3478 (t
802 3430 825 3476 V
841 3431 874 3479 W
892 3430 965 3481 Bert.
996 3428 1007 3496 ll
1036 3432 1071 3481 24
1094 3429 1143 3480 ad-

170 3498 314 3546 uerterent
326 3496 370 3544 W:
390 3496 563 3547 aduenerant
576 3496 650 3550 Bere.
670 3498 841 3548 adnoueraut
856 3500 879 3547 Δ
891 3499 911 3546 B
923 3499 947 3545 V
964 3500 1145 3549 annouerant

171 3564 189 3610 0
208 3576 307 3625 agnou.
321 3566 378 3614 edd.
401 3562 411 3628 l
433 3567 465 3615 ‘26
485 3578 578 3615 omnes
597 3577 633 3613 w:
652 3564 777 3615 omnibus
790 3565 818 3612 Ι
841 3563 851 3629 ΙΙ
872 3567 906 3617 27
925 3570 999 3616 certo
1018 3582 1034 3617 o
1052 3564 1080 3613 Ι
