2406 4012
186 232 248 297 162
499 232 560 284 vu.
590 230 740 283 russum
757 231 840 285 eru.

185 405 265 468 quse
298 383 352 447 alii
386 382 441 445 uix
473 381 572 445 totius
604 381 692 445 uitae
720 380 883 445 laboribus
917 383 1159 463 consequuntur

183 469 248 532 iam
271 467 355 532 dorni
377 468 471 550 parta
491 464 662 549 suscipere.
694 465 839 549 quamuis
861 463 950 528 enim
970 486 1095 549 magna
1116 466 1158 531 sit

184 556 217 617 et
252 549 440 616 admiranda
473 549 611 613 felicitas
649 571 729 632 quae
766 548 935 633 stipendiis
972 549 1008 613 in
1042 549 1156 615 ordine

184 636 325 701 emeritis
352 637 385 698 et
411 634 546 698 militiae
575 633 729 719 gradibus
756 633 894 698 emensis
922 632 961 697 ad
988 633 1156 719 fastigium

157 720 270 784 oistud
297 719 474 784 maiestatis
502 719 648 783 ascendit
681 722 714 782 et
740 719 816 783 solis
843 718 973 783 uirtutis
1002 718 1081 783 nixa
1106 741 1154 783 ra·

183 804 306 869 dicibus
339 805 379 868 ad
406 806 534 867 tantum
562 803 726 887 potentiae
759 803 855 867 robur
884 802 1025 867 inualuit
1056 802 1155 888 (quod

183 889 311 974 quidem
334 889 430 953 etiarn
451 891 487 952 tu
494 938 504 972 ,
528 891 681 972 qnantum
703 909 761 971 per
784 889 925 952 aetatem
945 886 1055 969 licuit,
1082 908 1153 951 con·

184 977 310 1039 secutus
332 995 365 1038 es
388 977 435 1056 et,
483 972 607 1036 numnis
628 976 661 1036 te
684 994 780 1056 super
805 993 917 1037 omnes
939 972 1152 1055 acquirendae

207 1059 306 1123 loriae
328 1080 435 1123 moras
454 995 552 1139 decor
570 1057 717 1122 fortunae
738 1057 907 1140 posuisset,
931 1077 1075 1152 crescere
1097 1056 1152 1121 nri-

146 1080 307 1207 citando
331 1143 462 1207 uoluisti
489 1146 521 1205 et
543 1141 697 1207 adeundis
718 1141 795 1205 belii
816 1140 968 1224 periculis
996 1162 1035 1206 ac
1057 1162 1153 1205 manu

184 1249 257 1291 cum
279 1226 424 1290 hostibus
451 1226 548 1290 etiarn
574 1226 730 1311 singulari
758 1226 934 1290 certamine
955 1226 1151 1291 conserenda

183 1314 342 1374 notiorem
357 1314 389 1374 te
407 1310 559 1396 gentibus
573 1310 750 1394 reddidisti,
773 1332 846 1375 cunr
867 1331 934 1374 non
948 1332 1062 1394 posses
1085 1330 1151 1377 erse

182 1394 347 1479 nobilior),
369 1416 532 1480 magnum,
555 1395 697 1479 inquam,
720 1398 776 1460 etsi
795 1398 844 1458 est
865 1395 905 1458 ab
923 1416 958 1459 se
972 1394 1152 1478 profectum

184 1479 223 1544 ad
251 1481 390 1545 maxima
415 1472 598 1563 perdenire:
635 1480 734 1565 longe
761 1483 869 1544 tamen
899 1479 988 1543 aliud
1018 1484 1068 1544 est
1093 1480 1151 1544 niti

145 1583 170 1624 15
183 1586 240 1649 per
269 1564 366 1630 ardua
394 1568 426 1630 et
451 1565 527 1650 iuga
554 1565 715 1629 montium
764 1567 849 1628 etere
877 1585 892 1628 e
918 1563 1033 1648 plano,
1067 1562 1151 1629 alind

183 1651 256 1734 ipsa
289 1654 376 1716 ortus
411 1650 459 1715 sui
488 1649 684 1714 subtimitate
710 1649 727 1712 f
758 1652 828 1713 tum
861 1647 1016 1713 uerticem
1042 1651 1150 1714 tenere

182 1734 331 1800 fortunae
366 1738 398 1799 et
429 1756 509 1817 quae
542 1755 666 1798 summa
701 1737 778 1798 sunt
812 1755 880 1797 non
914 1754 1061 1818 sperare,
1098 1730 1149 1799 sad

183 1820 311 1884 habere.

246 1902 304 1966 IV.
353 1902 487 1966 Sacrum
508 1901 593 1966 istud
614 1902 770 1985 palatium
792 1923 860 1966 non
883 1901 1075 1967 candidatus
1095 1902 1147 1966 im·

145 2004 171 2044 so
183 1986 279 2069 perii,
313 1985 369 2048 sed
397 1986 582 2070 designatus
610 1987 755 2070 intrasti,
785 1987 1020 2070 confestimque
1046 1989 1079 2051 te
1104 1985 1146 2050 iili

184 2068 311 2153 paterni
333 2068 417 2133 lares
440 2091 654 2134 successorem
682 2071 790 2135 uidere
811 2070 1003 2156 legitimum.
1047 2090 1146 2155 neque

183 2154 270 2217 enim
288 2157 358 2218 erat
371 2152 505 2218 dubium
525 2155 602 2239 quin
625 2155 654 2218 ei
675 2159 868 2240 competeret
882 2155 1044 2220 hereditas
1059 2176 1146 2240 quem

182 2239 321 2324 primum
344 2240 529 2324 imperatori
550 2239 652 2304 filium
677 2239 744 2304 fata
766 2240 964 2305 tribuissent.
1009 2244 1043 2306 te
1065 2240 1146 2306 enim

182 2327 292 2389 tantus
321 2324 376 2390 ille
405 2328 438 2389 et
464 2325 638 2410 imperator
666 2325 700 2388 in
727 2326 821 2389 terris
850 2328 882 2389 et
902 2326 938 2389 in
960 2325 1051 2390 caelo
1074 2325 1147 2389 deus

144 2411 217 2473 asin
244 2411 348 2494 primo
369 2411 509 2508 ‘aetatis'
529 2432 605 2474 suae
637 2410 715 2508 flore
743 2410 914 2507 generauit
945 2409 1050 2475 adhuc
1083 2412 1147 2508 toto

183 2516 479 2675 ttttttttr
499 2494 1152 2663 ttrtettt{ttttttttfttt

182 2660 347 2724 Umdonu.
385 2662 460 2725 rnde
483 2664 636 2745 estquod
658 2667 749 2727 tanta
775 2685 814 2727 ex
836 2663 892 2728 illo
915 2664 950 2727 in
972 2666 1005 2728 te
1027 2664 1151 2729 formae

182 2743 356 2807 similitudo
378 2743 531 2808 transicit
553 2749 590 2809 ut
611 2748 758 2832 signante
781 2751 897 2813 natura
920 2748 1064 2813 uultibus
1087 2749 1157 2813 tois

250 2951 265 3000 3
283 2946 323 3014 in]
342 2951 406 3013 sort.
425 2966 475 3001 suo
499 2948 503 3015 Ι
528 2951 620 3002 ordina
639 2954 763 3005 emeritis
780 2956 929 3005 Acr'dalins:
951 2954 1077 3005 ordiuem
1095 2968 1161 3003 me*

182 3018 245 3069 ritis
261 3018 288 3066 1
318 3016 328 3083 ΙΙ
357 3020 468 3069 ttante
485 3024 540 3083 pot.
558 3020 592 3067 W
619 3017 629 3085 ss
659 3021 776 3087 8supra
795 3024 853 3072 edd.
878 3020 888 3088 ΙΙ
912 3025 927 3072 9
947 3023 1029 3072 fauor
1046 3023 1162 3073 addidi.-

183 3103 229 3141 om.
248 3088 275 3136 Η
295 3086 299 3143 Ι
324 3086 436 3136 fortuna
453 3089 512 3138 edd.
534 3087 539 3153 Ι
562 3088 702 3153 posuisset
718 3091 793 3140 edd:
812 3091 949 3155 potuisset
967 3092 995 3139 Ι
1012 3089 1162 3155 potuisses»

182 3168 206 3202 w
226 3158 230 3219 1
251 3154 360 3205 credere
377 3154 409 3203 W
426 3151 437 3219 ΙΙ
459 3157 489 3205 11
508 3153 601 3221 etiam]
622 3162 650 3206 et
666 3156 698 3204 W
719 3154 729 3221 ΙΙ
753 3159 783 3208 13
802 3152 924 3223 inquam]
945 3157 1057 3222 quidem
1073 3155 1152 3207 Bere.

184 3222 187 3287 Ι
213 3225 266 3273 atsi
284 3224 386 3274 addidi:
404 3238 451 3273 om.
469 3224 497 3270 H
520 3221 530 3288 ΙΙ
560 3226 592 3275 15
610 3229 701 3288 petere
721 3241 735 3274 e
755 3226 900 3275 Lirrinrr'cs:
918 3230 1013 3290 patera
1031 3225 1059 3272 Ι
1083 3220 1094 3289 ΙΙ
1117 3225 1163 3274 sk

182 3296 278 3341 tantus
297 3307 357 3357 eqo:
380 3295 489 3340 tantum
506 3292 533 3340 1
555 3290 621 3354 (tam
639 3291 670 3353 B)
700 3290 709 3355 ΙΙ
739 3294 772 3341 ‘25
791 3292 880 3342 adhuc
897 3298 955 3344 toto
973 3292 1067 3346 Bert..·
1091 3294 1160 3343 toto

181 3358 271 3408 adhuc
289 3364 347 3409 toto
364 3360 387 3407 A
410 3362 468 3408 toto
487 3358 575 3409 adhuc
593 3360 678 3409 Rev
689 3359 722 3408 W
745 3357 755 3424 11
779 3362 811 3410 ’27
831 3357 925 3427 quarn]
946 3374 1113 3424 quamquam
1130 3358 1158 3407 G

185 3476 187 3487 ¹
207 3427 409 3490 praecipueque
427 3427 534 3489 scripsi:
553 3428 700 3492 praecipue
718 3428 745 3476 li
760 3427 764 3488 Ι
780 3428 874 3477 uidere
885 3427 1018 3479 Uindonii
1037 3429 1145 3478 Amtze-

182 3492 252 3541 m'us:
271 3492 364 3542 uidere
383 3493 484 3543 sidonii
498 3493 530 3542 W
549 3496 653 3546 uideris
670 3495 764 3544 idonei
781 3495 892 3547 ABert.
910 3495 1022 3547 uidonis
1040 3493 1151 3559 (uinde-

182 3558 225 3611 nis
242 3559 262 3607 B
282 3558 408 3609 nindonis
426 3558 454 3625 c)
473 3560 565 3612 idonei
581 3563 601 3611 B
622 3564 639 3612 0
656 3564 678 3610 V
699 3561 709 3627 ΙΙ
730 3564 762 3613 28
782 3563 866 3613 ferme
883 3563 915 3611 W
