2406 4012
165 196 227 261 152
484 195 530 247 vi
559 194 711 247 menan
727 193 809 245 rnre

164 368 225 431 que
246 345 402 432 Magnum
425 345 539 410 aetatis
562 365 689 409 cursum
711 343 831 407 uirtute
852 346 1044 427 praeueetos
1066 347 1135 409 tam

163 435 287 496 mature
316 432 442 513 sumpto
470 428 573 492 uineis
606 427 741 510 imperio
770 430 999 511 tantarumque
1027 450 1136 494 rerum

165 516 302 581 sustines
324 514 442 578 molem
462 512 639 596 incipiente
661 513 837 576 iuuentute.
883 513 1025 596 gesseris
1048 514 1135 579 enim

163 601 241 666 licet
261 598 362 663 multa
379 596 515 679 fortiter,
539 596 642 661 multa
663 597 835 680 sapienter,
859 618 932 661 cum
953 618 1013 681 per
1034 598 1135 663 maxi-

139 704 232 749 rmos
260 684 443 747 tribunatus
471 681 631 764 stipendia
657 682 762 765 prima
790 681 981 765 conficeres,
1013 683 1137 748 sentias
1187 682 1191 691 '

163 788 294 832 necesse
316 770 365 831 est
386 768 496 830 tantae
518 766 661 849 auspicia
679 765 839 849 fortunae,
863 766 1038 850 imperator
1060 767 1137 831 adu-

163 853 298 918 lescens.
335 872 526 936 quamquam
550 850 625 935 quid
649 871 709 935 ego
731 851 767 914 in
788 853 821 914 te
843 851 959 915 aetatis
981 854 1060 915 tuae
1082 873 1138 935 po

164 937 229 1001 tius
265 958 360 1020 quam
388 935 556 1021 grauitatis
586 956 705 999 nomen
736 934 876 1018 usurpo?
922 935 1012 1000 cuius
1040 938 1136 1001 tanta

164 1022 334 1086 maturitas
350 1024 400 1085 est
413 1023 460 1102 ut,
484 1042 556 1084 cum
570 1019 630 1084 tibi
645 1022 737 1102 pater
755 1019 927 1101 imperium
941 1019 1138 1104 reliquisset,

39 1158 40 1162 ,
127 1126 153 1165 10
166 1106 311 1172 Caesaris
348 1108 456 1169 tamen
494 1103 709 1187 appellatione
751 1105 922 1167 contentus
964 1107 1138 1187 expectare

165 1189 316 1254 malueris
337 1193 374 1285 ut
396 1188 536 1284 idemtte
558 1189 612 1285 qui
633 1188 725 1251 illum
748 1187 924 1251 declararet
938 1188 1158 1286 Augustum„

164 1271 1138 1453 {titiiirritantitlsliiestttftiittss

166 1441 221 1506 sed
254 1440 427 1505 uirtutibus
461 1441 526 1504 tuis
560 1441 703 1504 debitum
735 1462 754 1504 a
784 1461 908 1505 summo
941 1444 1141 1525 imperatore

128 1526 348 1590 rameniisses.

229 1610 286 1676 VI.
330 1609 443 1695 Neque
471 1610 556 1674 enim
584 1609 716 1673 dubium
743 1608 822 1692 quin
843 1609 903 1672 tibi
931 1611 1060 1673 mature
1090 1631 1139 1674 sa·

166 1718 254 1761 crum
283 1695 370 1759 istud
389 1695 555 1780 fastigium
584 1693 711 1758 diuinae
735 1694 904 1776 potestatis
926 1695 955 1757 e's
977 1696 1140 1759 astrueret

166 1782 221 1865 qui
248 1784 280 1844 te
308 1781 372 1843 iam
402 1779 480 1847 ¹olim
506 1779 569 1842 sibi
596 1799 766 1863 generum,
803 1777 901 1842 etiam
934 1780 1011 1842 ante
1040 1799 1140 1860 mrum

166 1869 274 1946 petere
296 1884 414 1946 posses,
438 1867 553 1945 sponte
568 1862 740 1946 delegerat.
769 1860 830 1925 hoc
852 1861 949 1944 enim,
971 1865 1009 1926 ut
1032 1863 1140 1946 audio,

128 1966 153 2006 ao
167 1948 275 2042 imago
286 1947 343 2009 illa
357 1945 498 2010 declarat
508 1946 747 2028 inAquileiensi
757 1945 876 2029 palatio
890 1945 1050 2029 adipsum
1064 1969 1141 2013 con·

166 2030 358 2112 uiuirposita
368 2033 542 2112 aspectum,
554 2030 609 2093 ubi
616 2030 723 2112 puella
730 2031 793 2094 iam
801 2030 910 2094 diuino
918 2030 1034 2096 decore
1043 2054 1141 2096 uene·

166 2114 288 2194 rabilis,
312 2114 367 2178 sed
390 2113 493 2178 adhuc
514 2114 620 2197 impar
641 2115 741 2198 oneri,
764 2115 902 2180 sustinet
924 2117 1020 2199 atque
1043 2116 1142 2181 offert

167 2199 227 2263 tibi
243 2199 339 2264 etiam
354 2202 422 2262 tum
437 2220 546 2282 puero,
570 2199 790 2282 Constantine,
813 2199 939 2284 galeam
954 2221 1034 2264 auro
1048 2222 1140 2286 gern-

167 2285 289 2368 misque
305 2284 482 2348 radiantem
506 2288 538 2348 et
552 2284 660 2368 pinnis
675 2284 804 2366 pulcrae
827 2284 913 2348 alitis
929 2285 1141 2369 eminentem,

128 2386 154 2427 25
166 2373 203 2434 ut
224 2373 267 2453 te,
291 2369 373 2454 quod
389 2371 445 2433 uix
461 2369 527 2434 ulla
541 2372 677 2453 possunt
691 2367 820 2433 habitus
842 2371 1033 2434 ornamenta
1046 2391 1141 2454 prae·

168 2459 263 2537 stare,
286 2453 434 2538 sponsale
455 2476 572 2518 munus
593 2453 695 2518 faciat
715 2452 914 2535 pulcriorem.
952 2454 1142 2520 fortunatus

166 2540 272 2622 pictor
293 2539 348 2602 illc
370 2539 512 2622 quisquis
534 2538 598 2601 fuit
620 2541 665 2620 et,
690 2537 837 2621 quamuis
858 2537 1008 2622 Apellam
1030 2538 1143 2622 ipsum

167 2629 196 2716 ct
216 2625 321 2717 ipsane
340 2621 545 2685 Parrhasium
568 2622 703 2717 scientia
724 2622 849 2706 uicerit,
871 2622 1006 2687 materia
1026 2624 1143 2721 tamen

129 2807 155 2848 a
168 2704 1144 2875 intifiiliadeitltttitffliiitiiini

238 2977 251 3024 1
271 2990 352 3025 eursu
371 2989 395 3023 w
410 2973 414 3042 1
431 2981 595 3040 praeuectus
614 2979 742 3043 Lanpius:
761 2985 907 3044 prouectas
924 2976 973 3044 Mu
990 2982 1007 3030 3
1026 2980 1144 3033 iuritnte

167 3046 275 3108 scripsi:
293 3045 397 3093 uirtute
414 3043 492 3110 1114
510 3045 578 3095 licet
595 3047 682 3096 multa
699 3047 812 3096 fortiter
823 3048 846 3095 A
857 3048 902 3095 W:
921 3046 1007 3096 multa
1026 3046 1145 3099 fortiter

168 3112 234 3162 licet
250 3113 270 3161 B
283 3112 335 3160 GV
349 3109 358 3177 ΙΙ
373 3115 403 3162 13
421 3110 566 3178 creuisses]
587 3114 709 3179 cepisses
721 3111 768 3178 wi
783 3116 814 3164 la
832 3119 928 3164 nature
940 3115 963 3162 A
975 3111 985 3179 ΙΙ
999 3116 1031 3165 17
1049 3114 1076 3165 is
1095 3119 1144 3168 ad-

168 3182 238 3231 didi:
256 3197 302 3231 om.
321 3182 349 3228 H
371 3177 381 3244 ΙΙ
407 3182 438 3231 18
458 3196 538 3245 quam
556 3183 618 3231 add.
637 3195 674 3230 w:
693 3198 739 3233 om.
759 3183 786 3229 Μ
809 3179 819 3246 Η
843 3183 877 3232 20
895 3181 1083 3246 aquilegiensi
1104 3197 1144 3233 wa

168 3248 306 3312 aquilensi
315 3250 342 3296 Μ
354 3245 363 3313 Η
376 3250 409 3298 20
421 3245 556 3314 conuiuii]
568 3249 790 3301 conubiilaretas
803 3246 813 3314 ΙΙ
825 3251 858 3298 22
869 3250 945 3298 oneri
953 3264 1003 3299 sno
1014 3251 1145 3302 sustinet

168 3313 318 3378 (substinet
334 3317 429 3377 nov)
447 3317 486 3373 n;
509 3331 558 3367 suo
577 3317 764 3381 dittograpdam
782 3318 865 3366 deleat
876 3313 887 3380 ΙΙ
899 3319 932 3368 23
951 3315 1142 3370 Constantine

168 3398 213 3433 om.
231 3384 317 3432 ΒΗ
329 3381 339 3448 ΙΙ
352 3385 385 3433 24
403 3383 494 3448 pinnis
507 3384 581 3435 Bert.
601 3387 621 3435 B
633 3387 651 3434 d
665 3386 700 3434 V:
719 3385 747 3433 in
764 3384 856 3448 pinnis
872 3386 895 3433 A
914 3385 1013 3449 pennis
1025 3386 1059 3434 W
1078 3388 1143 3437 edd.

168 3446 177 3513 ll
194 3451 227 3500 27
245 3449 354 3514 apellen
371 3447 447 3516 ΠΙΙ
460 3453 493 3502 28
512 3457 540 3501 et
556 3453 646 3516 ipsum
664 3453 767 3503 addidi:
785 3467 832 3504 om.
851 3453 879 3499 Π
895 3458 979 3516 atque
997 3454 1059 3503 add.
1074 3455 1142 3504 Aci·

169 3518 252 3567 dalius
264 3517 408 3583 ipsumque
419 3519 494 3584 Cusp.
506 3519 738 3584 Parrhasiumque
748 3533 764 3583 ς
773 3519 833 3570 edd.
847 3515 857 3583 Η
876 3521 909 3570 30
923 3517 1109 3571 difficilimum
1119 3523 1146 3570 A
