2406 4012
166 190 230 253 216
496 188 531 239 x.
560 186 711 240 uszmrr
727 186 809 239 rau.
1175 182 1189 263 ᾖ

167 342 231 405 iam
246 343 371 424 patrem
392 337 545 418 sentiens,
570 335 599 399 si
614 335 689 419 quid
703 336 860 400 intactum
881 338 940 400 aut
953 358 1074 421 parens
1088 340 1141 403 ant

167 425 267 489 frater
288 426 444 506 reserum,
468 421 609 485 declarat
629 441 706 484 mox
726 420 882 485 uictorem
903 419 1066 505 futurum,
1087 422 1143 507 qui
1185 466 1190 479 .

168 511 276 574 animo
298 508 362 572 iam
384 527 469 571 abac
490 504 593 568 uincit
616 508 764 569 aetatem.
808 506 935 588 rapitur
959 505 1081 589 quippe
1102 506 1139 571 sd
1182 493 1190 580 l

169 593 410 659 similitudinem
432 610 561 653 suorum
584 588 742 653 excellens
757 610 901 673 quaeque
921 592 1060 675 natum
1081 612 1138 655 nec
1184 585 1190 666 ξ

143 679 288 743 ssensim
310 698 347 740 ac
361 676 448 738 lente
464 673 619 737 indicium
634 673 754 757 promit
769 673 854 756 boni,
877 694 952 737 cum
973 674 1139 740 inuolucra
1185 673 1190 725 ἶ

167 761 324 826 infantiae
345 759 488 823 uiuidum
511 758 599 841 rupit
619 757 796 841 ingenium.
833 758 918 822 unde
942 758 1033 823 enim
1054 758 1138 843 prin·

169 846 249 929 cipis
271 845 402 908 maximi
417 847 484 907 tarn
500 842 617 906 effusus
632 843 667 905 in
682 842 799 906 liberos
814 842 952 925 animus,
975 843 1042 907 nisi
1056 840 1140 927 quotl'

168 931 233 994 iam
255 930 376 994 inillis
398 928 604 992 simulacrum
625 927 674 990 sui
697 925 880 1010 conspicit?

233 1013 290 1079 IV.
336 1013 547 1079 Commendet
569 1010 775 1074 inferioribus
802 1031 878 1074 suos
906 1010 976 1074 sola
1001 1008 1143 1075 necessi·-

131 1099 247 1163 1ctudo
274 1102 424 1181 naturae,
454 1100 485 1161 et
507 1096 752 1179 qualescumque
775 1095 913 1179 diligant
934 1094 992 1178 qui
1019 1096 1056 1158 in
1077 1094 1140 1159 illis

170 1184 252 1268 quod
274 1205 312 1245 ex
334 1204 368 1246 se
384 1181 566 1276 desiderent
586 1201 653 1276 non
668 1178 804 1243 habent:
825 1179 1139 1277 praestantissimum

169 1287 348 1413 ttt⁰¹lt¹t
361 1265 437 1413 tre
451 1263 818 1431 ariaratiae}
837 1284 1140 1412 astaram

171 1433 293 1518 effigies
316 1434 418 1516 possit
439 1432 574 1516 includi3
603 1436 636 1496 et
656 1435 750 1516 pater
770 1432 925 1515 optimus,
949 1431 1007 1497 sed
1029 1432 1142 1497 melior

133 1519 360 1602 eruperant,
388 1538 456 1581 non
482 1521 550 1580 tarn
577 1517 639 1580 sibi
666 1539 761 1600 quam
788 1516 987 1600 reipublicae
1009 1516 1138 1601 gaudet,

171 1625 244 1668 cum
271 1603 388 1667 liberos
417 1602 477 1666 sibi
511 1601 632 1665 similes
659 1601 812 1664 intuetur.
858 1600 973 1684 quibus
1001 1600 1042 1664 ad
1070 1622 1137 1685 per-

169 1688 306 1753 ficienda
328 1709 409 1771 qnae
430 1689 622 1771 ingenerata
643 1688 720 1749 sunt
740 1686 828 1749 bona
854 1705 921 1748 non
943 1684 1057 1769 segnis
1077 1684 1138 1749 uir·

169 1776 275 1837 tutum
298 1772 404 1855 opifex
426 1771 596 1853 disciplina
625 1770 847 1854 coniungitur,
877 1771 913 1832 ut
935 1790 1010 1851 spes
1032 1770 1140 1853 aequi·

133 1856 313 2002 stitit
327 1858 544 2001 prante
559 1852 1138 2002 {tarantasiae

170 2022 276 2104 ipsum
299 2024 446 2085 atenero
469 1960 643 2103 intuegntes⁷
667 2022 702 2085 in
723 2022 828 2105 ipsum
851 2022 951 2085 oculis
974 2024 1141 2086 acmanto

171 2107 316 2170 conuersi
351 2104 434 2168 nihil
468 2106 508 2168 ab
543 2106 609 2170 eius
649 2106 921 2189 contemplatione
955 2105 1141 2185 deflectunt,

170 2190 285 2255 incerti
313 2189 469 2252 mirentur
497 2212 539 2253 an
561 2189 617 2252 dili
642 2193 712 2274 ant3
742 2191 805 2254 nisi
827 2189 910 2273 quod
938 2210 1072 2254 necesse
1094 2194 1144 2255 est

171 2280 340 2359 utrumque
362 2274 518 2357 permixte
541 2212 641 2337 simul
656 2275 736 2338 fieri.
775 2296 853 2338 nam
875 2279 908 2339 et
930 2294 1021 2338 amor
1041 2274 1142 2339 facto·

133 2374 158 2416 ²⁶
172 2383 242 2424 rum
265 2359 503 2425 commendator
525 2362 589 2442 est,
619 2359 702 2422 unde
724 2359 869 2423 nascitur
890 2358 1078 2441 admiratio,
1111 2362 1143 2423 et

170 2447 257 2509 facta
285 2464 356 2509 cum
383 2444 464 2507 mira
492 2447 568 2507 sunt
595 2464 734 2507 amorem
761 2443 901 2507 inuicem
929 2446 1051 2507 creant.
1098 2444 1145 2507 ita

171 2530 390 2612 spectantibus
411 2528 530 2611 liberis,
554 2527 705 2612 quicquid
727 2527 768 2591 ab
791 2548 828 2591 eo
849 2527 1066 2611 pulcherrime

170 2615 263 2693 ritur,
287 2634 359 2675 oum
381 2614 511 2755 propter
533 2612 638 2694 ipsum
659 2612 764 2695 magis
786 2612 921 2695 placuit,
944 2615 1015 2675 tum
1037 2614 1092 2675 stu
1115 2612 1144 2675 'o

171 2695 362 2757 imitationis
384 2695 438 2758 ino
454 2694 541 2757 escit.
579 2696 644 2757 iarn
666 2696 724 2759 tibi
748 2695 875 2781 quidem
897 2697 932 2761 in
956 2696 1141 2779 erudiendo,

132 2778 343 2858 coimperator
371 2776 504 2858 optime,
538 2798 605 2840 non
634 2781 742 2843 omnia
769 2781 1033 2864 proponebantur
1061 2801 1143 2865 quae

241 2966 254 3012 1
273 2966 328 3012 iam
346 2968 452 3029 patrem
469 2966 492 3013 A
510 2965 600 3015 Besa:
618 2981 665 3016 om.
682 2968 811 3016 Bcvw
834 2965 845 3032 ΙΙ
871 2970 887 3017 2
906 2964 1043 3031 declarat]
1063 2966 1143 3019 deds-

172 3036 215 3082 rat
233 3033 250 3081 0
265 3029 269 3096 Ι
283 3039 345 3096 puto
363 3035 497 3083 uictorem
516 3033 651 3083 facturum
675 3032 685 3099 ΙΙ
709 3038 724 3085 3
742 3050 815 3084 nunc
833 3051 894 3100 eyn:
912 3052 959 3085 om.
977 3036 1006 3083 Ι
1029 3034 1041 3100 ΙΙ
1064 3037 1082 3085 6
1100 3050 1144 3085 ru·

170 3102 212 3166 pit
230 3114 259 3167 ςι
278 3100 380 3165 rumpit
397 3102 425 3149 Η
442 3099 595 3166 {principes
612 3100 634 3150 A
651 3100 661 3167 l
678 3104 693 3154 7
711 3102 818 3152 infusus
837 3104 870 3149 W
885 3100 895 3167 ll
912 3106 928 3153 8
944 3103 1001 3151 iam
1021 3103 1096 3167 qnod
1114 3104 1145 3153 in

172 3167 228 3218 illis
246 3170 268 3217 A
287 3168 357 3233 quod
376 3169 404 3217 in
424 3168 480 3219 illis
500 3170 554 3218 iam
573 3171 590 3218 0
620 3167 630 3233 ΙΙ
661 3172 693 3219 10
711 3170 803 3233 quiin
820 3172 868 3219 W:
887 3170 953 3235 quin
972 3170 995 3218 A
1011 3171 1033 3219 B
1050 3172 1069 3218 0
1088 3171 1111 3219 V
1136 3168 1145 3234 ,Ι

173 3237 204 3284 12
222 3236 385 3301 primoribus
404 3237 434 3283 σε
453 3236 627 3300 prirnicribus
639 3238 666 3284 H
678 3233 688 3301 ΙΙ
703 3239 733 3286 13
752 3234 862 3301 quibus]
883 3252 998 3301 quarum
1010 3238 1042 3289 A.
1060 3240 1146 3288 malin

173 3318 187 3351 e
209 3304 307 3369 quibus
325 3304 459 3353 uirtutum
478 3304 630 3354 suturarum
649 3304 693 3354 eff.
712 3318 783 3368 poss.
803 3304 932 3354 concludi
954 3301 965 3369 t
995 3308 1028 3355 14
1046 3310 1146 3369 posset

172 3371 211 3430 1,
230 3387 299 3421 corr.
318 3372 451 3420 Acidaliae
480 3368 490 3434 ΙΙ
521 3373 552 3421 17
571 3375 703 3436 generata
721 3374 754 3419 W
774 3370 779 3435 Ι
802 3374 885 3421 malim
902 3388 958 3422 non
977 3374 1111 3437 segnibus
1136 3372 1147 3437 ΙΙ

173 3436 205 3486 1c
229 3433 360 3487 similest
378 3454 438 3501 epo:
467 3438 571 3488 similes
588 3440 616 3487 Η
637 3438 728 3489 indole
751 3438 856 3489 similes
874 3441 934 3493 edd.
963 3437 975 3505 ΙΙ
1003 3442 1038 3491 29
1060 3442 1146 3491 mdbn

172 3501 201 3551 in
219 3502 370 3554 rudimento
395 3502 404 3569 ΙΙ
428 3508 462 3557 30
478 3505 628 3569 proponeb.
646 3520 684 3555 w:
702 3507 849 3571 proponeb.
867 3509 895 3556 Η
