2406 4012
514 331 567 405 IV

364 483 724 583 EUMENII

233 647 320 713 PRO
347 648 684 715 RESTAURANDIS
714 650 859 716 seems

424 788 448 838 Ο
466 787 491 838 R
509 787 533 836 A
550 787 573 835 T
592 788 605 836 1
625 786 662 837 0.

122 935 148 1000 I.
184 934 315 1001 Certum
336 934 451 1017 habeo,
475 935 526 1013 uir
547 935 789 1019 perfectissime,
810 958 877 1000 non
899 937 1054 1020 quideme

52 1024 90 1085 te
140 1020 195 1104 qui
217 1040 343 1103 semper
364 1021 399 1083 in
422 1020 510 1083 omni
533 1041 650 1105 genere
673 1019 800 1085 dicendi
821 1024 961 1085 maxima
981 1022 1028 1085 fa-

56 1127 76 1170 e
111 1106 181 1168 tate
202 1104 345 1188 uiguisti,
368 1104 423 1167 sed
441 1104 716 1169 circumstantium
732 1105 900 1191 plerosque
917 1107 1028 1170 mirari

81 1188 147 1254 uod
162 1208 232 1273 ego,
256 1188 310 1271 qui
332 1189 371 1251 ab
387 1189 516 1252 ineunte
539 1189 757 1253 adulescentia
771 1212 870 1275 usque
892 1191 927 1254 in
942 1190 1028 1256 huno

55 1210 147 1337 diem
168 1293 342 1355 numquam
364 1273 426 1335 isto
448 1273 484 1336 in
505 1272 576 1337 loeo
598 1273 732 1338 dixerim
756 1277 802 1358 et,
824 1276 1027 1359 quantulum·

58 1378 186 1440 eunque
213 1356 292 1420 illud
321 1359 369 1420 est
395 1355 479 1439 quod
507 1356 616 1422 labore
652 1379 689 1423 ao
716 1358 884 1444 diligentia
917 1360 1028 1425 uideor
1041 1384 1066 1424 ro

59 1444 267 1524 consecutus,
296 1461 442 1504 exercere
464 1441 616 1524 priuatim
642 1464 737 1526 quam
759 1444 795 1508 in
815 1444 887 1506 foro
909 1445 1028 1509 laetare

57 1525 244 1608 maluerim,
276 1545 363 1589 nuno
391 1524 518 1589 demum
545 1547 616 1591 sero
644 1526 781 1609 quodam
809 1527 959 1593 tirocinio
988 1529 1027 1590 ad

57 1610 228 1675 insolitum
265 1608 344 1673 mihi
374 1610 515 1674 tribunal
549 1632 583 1674 as
607 1610 702 1674 irem:
745 1633 764 1674 a
793 1631 854 1693 quo
883 1632 943 1695 ego
976 1633 1028 1676 me

58 1694 189 1777 fateor,·
212 1715 402 1779 quamquam
433 1693 513 1758 mihi
541 1633 631 1759 sedis
665 1695 728 1758 ista
756 1694 897 1761 iustitiae
926 1699 959 1760 et
986 1695 1031 1762 ed

58 1778 222 1864 agendum
245 1779 339 1843 etad
361 1778 530 1843 dicendum
553 1779 751 1863 amplissima
773 1779 943 1865 uideretur,
967 1781 1067 1845 dii-15

58 1864 155 1928 fisum
182 1866 292 1927 tamen
324 1863 454 1948 ingenio
486 1885 558 1928 meo
591 1864 728 1929 antehae
755 1865 872 1931 afuisse
906 1870 939 1931 et
966 1865 1029 1933 hoe

57 1949 131 2047 ipso
158 1947 193 2011 in
214 1950 374 2031 tempore,
406 1949 551 2032 quamuis
574 1949 823 2015 diuersissimam
852 1973 871 2014 a
899 1954 1028 2016 conten·

58 2034 149 2097 tione
169 2031 275 2096 litium
298 2054 400 2116 genus
423 2034 577 2099 orationis
592 2033 788 2118 habiturum,
811 2036 1028 2102 eonscientiae

58 2116 276 2200 trepidatione
297 2117 448 2181 reuocari.

125 2199 168 2264 H.
202 2200 250 2265 Ne
271 2200 347 2283 quid
361 2201 462 2285 igitur
483 2204 539 2266 aut
553 2203 698 2285 opinioni
712 2203 879 2267 hominum
897 2203 1067 2267 dubiumne

59 2283 240 2368 relinquam
274 2288 330 2348 aut
364 2285 624 2368 interpretationi
660 2309 697 2350 ex
725 2287 785 2350 hae
812 2287 1028 2369 postulatione

59 2390 159 2453 quam
186 2369 224 2433 de
249 2368 455 2434 restituendis
478 2369 602 2452 patriae
629 2391 719 2434 meae
741 2369 920 2433 Maenianis
948 2369 1029 2434 mihi

59 2452 249 2519 sumendam
292 2453 377 2518 otius
399 2474 495 2537 quam
516 2454 663 2536 cuiquam
685 2452 896 2537 delegandam
916 2455 1028 2538 putaui

59 2542 120 2603 aut
140 2537 243 2602 maius
268 2475 310 2602 de
331 2559 383 2602 me
406 2537 525 2623 aliquid
546 2559 641 2623 quam
662 2558 757 2621 posse
784 2559 835 2601 me
857 2539 961 2603 sentio
983 2539 1028 2604 ni·

60 2620 137 2685 dear
151 2622 356 2705 promittere:
379 2624 593 2687 contestatum
609 2643 678 2687 esse
692 2621 785 2687 initio
800 2622 927 2688 dicendi
951 2627 1029 2708 aput
1042 2642 1067 2685 as

61 2705 228 2770 audientes
243 2705 318 2770 uolo
333 2708 564 2790 temporarium
579 2729 630 2771 me
645 2707 771 2772 dicendi
786 2729 911 2793 munus,
934 2712 1028 2792 atque

59 2789 95 2853 id
113 2788 220 2873 ipsum
242 2790 321 2854 meis
344 2790 458 2855 studiis
480 2791 684 2875 peculiariter
706 2792 916 2877 commodum,
938 2794 1028 2857 inuo-

60 2873 139 2956 lare‚
154 2894 220 2937 non
236 2874 276 2937 ad
290 2874 491 2958 incognitam
505 2875 586 2939 mihi
601 2878 722 2940 sectam
734 2876 911 2940 forensium
920 2879 1028 2960 patro-

60 2977 178 3021 norum
193 2957 318 3022 alienae
332 2958 437 3023 laudis
457 2959 630 3043 eupiditate
645 2960 792 3024 transire.
820 2981 923 3044 neque
942 2961 1029 3024 enim

128 3164 145 3214 5
163 3165 208 3213 uir
225 3159 440 3229 perfectissime]
459 3162 492 3215 V.
509 3161 539 3212 P.
558 3165 703 3229 plerumque
720 3164 747 3212 lt
763 3160 773 3227 ΙΙ
792 3165 823 3215 14
842 3164 877 3215 ad
894 3162 1028 3295 spondam

60 3243 100 3279 w:
125 3229 263 3296 agendum
281 3233 309 3278 Ι
337 3227 348 3295 ll
379 3231 410 3281 16
433 3230 555 3283 abfuisse
573 3230 647 3281 Bere.
666 3231 697 3279 c:
722 3229 834 3283 affuisse
852 3233 880 3280 Ι
909 3227 914 3295 l
950 3231 982 3282 18
1000 3236 1029 3281 et

60 3298 253 3349 eonscientiae
272 3297 357 3362 Bere„
375 3299 442 3349 aude
461 3313 495 3348 ex
513 3311 604 3349 conso.
622 3296 752 3349 Liuineius
764 3296 775 3364 fl
787 3301 819 3348 al
841 3302 870 3349 et
887 3298 940 3349 hae
956 3304 1029 3364 post.

59 3366 127 3416 idem
142 3363 154 3431 l
170 3367 203 3416 22
221 3365 355 3415 menianis
372 3366 399 3414 lt
416 3380 516 3429 semper
532 3362 543 3430 ll
561 3366 594 3415 24
612 3369 660 3415 aut
678 3368 781 3416 addidi:
799 3382 845 3417 om.
864 3367 891 3415 ll
907 3364 918 3433 l
935 3368 968 3418 26
985 3382 1027 3423 me

59 3447 107 3486 am.
128 3434 146 3482 0
166 3429 177 3498 l
197 3435 229 3483 27
248 3431 417 3484 commodum
436 3431 561 3484 inuolare
580 3448 640 3497 epo:
660 3433 831 3484 commodare
849 3437 877 3482 Ι
