2406 4012
257 202 475 257 carmanum
493 203 603 257 acmo
618 204 783 257 IULIANO.
809 208 916 258 14-17.
1008 207 1071 271 257

99 354 222 421 candae
244 353 412 417 obuiorum
434 374 563 437 manus,
590 354 738 418 omnibus
761 355 981 437 arridendum,
1006 378 1073 420 non

100 440 206 505 solum
227 459 300 503 cum
319 437 447 520 infimis,
471 438 526 501 sed
549 438 646 501 etiam
669 460 740 502 oum
762 439 885 524 ignotis
908 439 1071 503 familiari·

99 524 179 589 tatis
204 523 313 607 imago
334 521 514 586 simulanda
541 522 704 606 multaque
732 522 797 586 alia
841 527 949 608 ropter
971 523 1072 588 hono-

100 630 168 673 rem
191 606 319 691 agenda
341 627 422 690 quae
444 607 522 670 alias
545 607 649 670 uirum
669 606 791 671 honore
811 546 945 755 dipoum
965 608 1073 687 facere

100 713 168 757 non
191 691 326 755 deceret.
356 690 440 754 unde
462 690 541 753 illud
564 689 672 755 Crassi
694 691 818 756 celebre
862 693 970 757 ictum.
1000 711 1098 757 cums

100 778 226 863 peteret
248 774 448 839 consulatum
470 778 504 838 et
517 774 600 838 forte
623 797 696 838 eum
711 774 866 840 Scaeuola
888 798 997 841 socero
1015 799 1072 861 per

100 860 171 925 nias
192 859 282 923 urbis
304 859 466 923 incederet
487 880 547 923 nec
566 862 736 942 praesente
756 860 948 943 grauissimo
971 865 1004 925 et
1026 883 1072 925 se-

100 943 269 1009 uerissimo
284 943 354 1006 uiro
368 942 504 1006 blandiri
521 943 650 1026 populo,
666 943 797 1026 palpare
812 944 924 1007 obuios
940 948 973 1007 et
987 949 1072 1008 artes

99 1027 271 1113 petitorias
294 1027 424 1091 auderet
446 1048 608 1105 exercere,
633 1033 785 1110 ‘quaes0'‚
815 1027 936 1111 inquit,
960 1027 1070 1110 ‘Muci

98 1112 265 1197 paulisper
300 1110 451 1176 abscedas
483 1132 597 1194 meque
632 1113 784 1175 comitatu
817 1114 873 1175 tuo
908 1113 1072 1177 molestari
1086 1133 1110 1172 ro

99 1199 208 1281 putes3
231 1196 367 1279 impedis
382 1194 536 1259 honorem
557 1217 682 1259 meum:
705 1200 737 1259 te
757 1199 923 1280 spectante
944 1197 1072 1281 ineptus

100 1302 173 1345 esse
193 1302 262 1345 non
275 1286 429 1364 possum'.
459 1282 493 1342 at
510 1300 587 1343 uero
611 1301 671 1365 ego
693 1280 812 1345 nullius
828 1281 971 1345 fauorem
986 1283 1073 1366 turpi

99 1364 322 1429 assentatione
344 1363 514 1446 promerui,
544 1363 626 1427 nihil
647 1364 710 1428 feci
733 1366 888 1449 ineptum,
914 1366 996 1430 nihil
1019 1367 1072 1451 egi

100 1448 187 1534 quod
213 1451 360 1532 spectare
385 1446 528 1511 Mucium
555 1449 687 1512 nollem.
731 1471 798 1513 non
826 1450 921 1514 modo
947 1450 1073 1513 nullum

99 1533 304 1631 popularium
318 1531 505 1616 deprecatus
526 1554 607 1615 sum,
630 1533 686 1596 sed
702 1553 743 1596 ne
758 1536 791 1596 te
806 1533 933 1616 quidem
954 1534 1069 1616 ipsum,
1086 1552 1110 1592 15

99 1620 291 1702 imperator,
319 1637 413 1699 quem
440 1637 530 1680 orare
552 1615 769 1700 praeclarum,
800 1617 850 1680 cui
877 1636 988 1700 preces
1016 1618 1071 1680 ad-

100 1701 214 1767 hibere
235 1700 457 1785 plenissimum
472 1700 641 1784 dignitatis
664 1703 722 1783 est,
745 1700 843 1764 uerbo
867 1699 974 1763 saltim
996 1700 1071 1764 adii.

100 1789 219 1871 sponte
240 1788 276 1849 in
289 1784 445 1849 familiam
467 1805 572 1848 meam
595 1783 740 1848 diuinum
763 1784 848 1849 istud
870 1787 936 1848 ate
955 1806 1071 1848 munus

101 1870 247 1935 infusum
269 1873 327 1934 est.

111 2008 114 2013 .
167 1953 273 2019 XVII.
322 1953 465 2018 Fatebor
490 1956 598 2018 autem
619 1954 696 2036 tibi,
726 1954 864 2018 maxime
887 1954 1071 2038 imperator,
1085 1973 1110 2012 ro

101 2042 136 2104 et
156 2041 227 2103 tuto
249 2041 327 2122 aput
346 2041 380 2101 te
402 2038 510 2101 omnia
532 2038 630 2102 animi
652 2042 764 2123 operta
785 2039 941 2103 reserabo.
978 2062 1071 2104 num-

101 2144 200 2208 quam
226 2123 262 2186 in
287 2123 393 2207 capita
423 2122 540 2187 ciuium
560 2125 771 2207 potestatem,
800 2144 976 2206 numquam
997 2144 1071 2206 pro·

100 2207 228 2273 uincias
257 2206 441 2291 concupiui,
477 2206 548 2290 sed,
578 2208 652 2291 quia
680 2207 820 2271 iuuanda
848 2208 944 2270 etiam
973 2228 992 2268 a
1021 2227 1071 2269 me

101 2291 271 2356 uidebatur
299 2312 357 2375 pro
383 2291 471 2354 uirili
496 2291 643 2374 portione
672 2290 888 2374 respublica,
919 2311 991 2353 cum
1019 2290 1075 2352 ad-'

101 2376 319 2441 ministratum
355 2396 501 2453 uocarer,
543 2378 676 2521 propter
712 2373 898 2457 opinionem
931 2373 1070 2438 desidiae
1083 2392 1108 2431 aa

101 2481 171 2524 non
191 2460 308 2545 refugi.
352 2460 518 2545 negotium
540 2458 605 2542 pub
622 2458 704 2522 'cum
732 2479 835 2540 neque
858 2457 996 2521 ambitor
1017 2479 1071 2541 ap-

100 2542 891 2712 lbffia”tithplnhtiiltatbtlllbllli‘tl
911 2543 1071 2692 litt}

102 2734 166 2797 que
189 2713 340 2777 canitiem
364 2712 549 2777 consulatus
578 2733 686 2776 amore
707 2711 853 2797 flagrari.
898 2712 1072 2777 secundum

102 2797 202 2861 etiam
224 2796 436 2861 confessionis
458 2796 518 2860 tibi
540 2797 677 2880 gradum
699 2798 809 2861 debeo.
844 2819 916 2861 cum
937 2798 972 2861 in
995 2799 1071 2861 alio·
1084 2815 1110 2854 ,ιο
1191 2842 1201 2851 .

102 2902 175 2945 rum
197 2880 378 2965 principum
401 2884 484 2945 esset
505 2883 663 2964 potestate
685 2903 735 2945 res
757 2882 900 2964 publica,
927 2882 981 2945 diu
1002 2883 1071 2946 ina-

172 3121 189 3170 5
205 3123 288 3170 malim
306 3121 353 3185 qui
372 3134 432 3170 cum
457 3118 467 3184 ll
490 3122 506 3170 2
525 3134 638 3170 exerere
657 3119 680 3166 Δ
697 3117 702 3179 Ι
723 3118 790 3166 muti
807 3131 833 3165 m
850 3131 868 3165 ιι
885 3130 921 3164 w:
941 3116 1026 3180 mugil
1045 3119 1072 3164 11

102 3184 164 3306 hm
175 3201 271 3253 meque
283 3203 346 3251 epo:
364 3203 415 3237 neo
427 3188 455 3234 11
470 3186 474 3250 1
489 3195 548 3251 post
561 3192 606 3236 tuo
620 3199 644 3233 w
658 3201 700 3235 me
712 3186 773 3235 add.
789 3184 793 3247 Ι
809 3184 951 3235 molestari
963 3186 1072 3247 scripsi:

123 3255 246 3305 arrestari
258 3257 286 3303 1
301 3253 312 3320 ΙΙ
331 3256 362 3304 12
381 3255 504 3305 fauorem
518 3256 540 3303 Δ
552 3253 641 3304 Βενι..·
660 3267 779 3303 amorem
798 3252 918 3301 ΝΠ]
934 3248 944 3315 l
963 3252 994 3300 14
1011 3251 1072 3300 Mu-

102 3324 172 3372 tium
191 3324 209 3370 0
226 3323 248 3370 V
266 3323 299 3371 W
316 3327 439 3372 mutuum
456 3322 476 3369 B
501 3319 512 3386 ll
535 3323 567 3371 15
587 3321 674 3386 ipsum
692 3336 738 3372 om.
757 3321 777 3368 B
801 3318 811 3385 l
836 3322 867 3370 17
886 3319 999 3369 uerbum
1016 3319 1039 3366 Δ
1064 3315 1073 3383 l

104 3390 137 3440 18
153 3404 245 3439 meam
262 3389 356 3439 Bora:
370 3405 421 3449 ,ona
440 3390 468 3436 1
490 3387 496 3452 Ι
517 3387 648 3439 minuet
670 3385 681 3453 ll
704 3389 736 3437 21
756 3403 839 3453 opera
857 3389 874 3437 0
898 3385 907 3451 ΙΙ
936 3387 968 3435 22
985 3385 1016 3435 ἱιι
1033 3400 1071 3434 w:

103 3456 173 3523 quin
193 3457 221 3506 Ι
250 3454 261 3523 [Ι
289 3459 324 3507 24
346 3456 382 3506 ad
404 3456 596 3521 magistratum
619 3458 676 3506 edd.
706 3453 716 3520 ll
745 3456 778 3506 28
800 3455 835 3504 ab
859 3458 950 3504 aetate
973 3452 1072 3517 puerili

101 3527 225 3577 sectarer.
243 3526 275 3576 P.
290 3524 377 3575 Faber
394 3532 419 3575 et
437 3525 569 3575 Liuineius
590 3521 600 3587 ll
621 3526 654 3575 30
672 3523 723 3573 tibi
741 3522 925 3574 consessionis
942 3522 962 3570 B
975 3523 993 3570 G
1005 3522 1027 3569 V
1039 3522 1073 3569 W

151 3614 240 3656 Parra.
254 3624 308 3657 aar.
887 3609 918 3657 17
