2406 4012
177 220 239 284 296
501 221 562 271 mr.
593 217 824 269 1111111111.

177 371 327 454 quicquid
348 371 383 433 in
399 370 483 432 ciues
498 370 608 431 manat
629 390 648 430 a
662 367 808 450 principe
831 366 990 430 redundet
1009 366 1044 429 in
1059 366 1134 449 prin·

178 456 296 538 oipem:
326 457 357 518 ct
379 454 425 517 rei
447 456 480 516 et
500 452 607 515 famae
630 452 712 515 bene
735 451 874 515 consulit
894 451 1064 515 munificus
1085 450 1137 513 im·

177 542 312 622 perator.
357 538 499 601 lucratur
521 536 607 600 enim
630 536 782 619 gloriam,
806 557 878 599 cum
901 535 956 599 det
976 535 1140 618 pecuniam
1189 582 1193 627 ἲ

177 644 386 687 reuersuram.

151 728 164 767 5
241 706 391 769 XXVIII.
438 704 500 770 sed
522 704 569 767 illi
591 704 718 788 quidem
741 703 841 767 stulta
863 705 968 767 omnis
990 703 1073 767 ratio
1096 724 1143 767 ca

176 791 317 874 ptandae
332 791 436 853 laudis
452 788 627 853 uidebatur.
650 789 704 871 qui
716 791 844 871 praeter
857 788 993 851 insitum
1008 788 1145 870 pessimo

178 875 277 939 cuiuis
292 876 370 938 boni
386 877 604 957 contemptum
626 894 782 936 summam
797 872 988 936 felicitatem
1007 871 1147 936 habendi

179 981 216 1023 ac
248 959 384 1023 nocendi
410 959 475 1022 fine
501 958 717 1021 determinans
750 978 815 1020 non
849 956 952 1020 solum
985 960 1025 1020 ut
1053 978 1148 1039 quam

178 1045 349 1128 plurimum
383 1046 561 1126 quaereret,
595 1043 650 1105 sed
678 1045 715 1104 ut
741 1041 824 1104 nihil
852 1041 1001 1123 cuiquam
1035 1040 1148 1123 reliqui

140 1150 165 1188 10
178 1130 298 1192 faceret
319 1128 497 1192 laborabat.
542 1148 601 1190 neo
630 1127 731 1206 enim,
761 1126 814 1207 qui
836 1125 968 1209 regibus
997 1146 1067 1188 mos
1091 1127 1149 1207 est,

179 1213 343 1276 exerendis
375 1212 570 1295 inuigilabat
602 1210 740 1274 metallis
777 1213 813 1273 ut
845 1208 980 1272 latentia
1015 1211 1151 1272 naturae

177 1297 262 1358 bona
290 1297 324 1358 in
347 1317 439 1358 usum
466 1299 642 1358 arcesseret
670 1297 702 1358 et
723 1297 852 1377 pararet
880 1293 1032 1357 innoxias
1058 1293 1152 1357 nullo

177 1380 365 1462 pauperiore
394 1379 534 1442 diuitias.
580 1400 692 1461 parurn
726 1378 781 1441 ille
808 1379 984 1461 pretiosum
1013 1378 1152 1460 putabat

178 1485 288 1527 aurum
311 1464 394 1545 quod
417 1464 634 1528 dementium
656 1463 747 1526 uenis
771 1466 827 1525 aut
845 1462 1015 1526 fluminum
1030 1462 1152 1547 glareis

140 1567 165 1607 15
180 1549 339 1631 quaesitor
370 1548 488 1612 Bessus
523 1553 577 1611 aut
610 1550 767 1611 scrutator
796 1546 958 1610 Gallaicus
994 1547 1152 1611 eruisset:

177 1633 257 1696 illud
278 1633 389 1716 purius
412 1632 670 1716 splendidiusque
694 1631 843 1695 credebat
867 1630 963 1714 [quod
985 1630 1152 1695 dedissent

179 1716 353 1864 dolentmL,
392 1718 476 1800 quod
504 1717 668 1781 hominum
698 1716 866 1796 lacrimae,
905 1736 971 1778 non
1006 1717 1150 1779 amnium

178 1824 279 1885 aquae
308 1802 483 1865 aluissent
509 1823 569 1865 nec
597 1823 614 1864 e
639 1802 775 1864 terrenis
803 1800 959 1883 specubus
989 1802 1149 1883 egestum,

179 1887 232 1948 sed
255 1907 272 1948 e
295 1888 469 1949 ceruicibus
489 1886 668 1968 iugulisque
692 1906 854 1949 caesorum
877 1887 961 1948 esset
978 1885 1151 1948 ecfossum.

140 1989 165 2026 ao
180 1968 240 2051 sio,
267 1990 338 2032 oum
360 1969 492 2032 immitis
514 1971 644 2051 tyranni
668 1973 700 2032 et
722 1969 813 2032 stilus
835 1969 1004 2032 timeretur
1027 1970 1061 2032 et
1084 1968 1151 2052 gla-

180 2053 264 2134 dius,
292 2053 464 2116 transierat
491 2054 525 2115 in
553 2055 628 2115 uota
649 2057 821 2137 paupertas
849 2056 896 2135 et,
924 2056 960 2115 ut
982 2073 1151 2135 possemus

180 2137 320 2221 effugere
337 2137 528 2219 carnificem,
546 2137 736 2220 optabamus
752 2138 858 2201 subire
874 2139 1042 2201 sectorem.
1066 2136 1149 2220 quod

179 2223 206 2285 si
229 2224 279 2286 cui
301 2221 355 2285 ille
377 2243 435 2304 pro
457 2222 571 2286 ceteris
594 2223 764 2285 sceleribus
787 2222 851 2285 suis
879 2222 985 2286 minus
1010 2222 1150 2285 crudelis

177 2307 277 2370 fuisse
305 2307 445 2389 uidetur,
478 2310 621 2371 uestrum
648 2307 691 2387 is,
724 2309 882 2389 uestrum,
917 2305 1010 2369 Balio
1038 2306 1150 2371 trium·

140 2408 165 2448 ss
178 2390 282 2473 phalis
306 2395 338 2454 et
357 2393 499 2455 trabeate
515 2391 734 2472 Merobaudes,
757 2389 942 2454 recordetur
963 2390 1150 2455 interitum:

179 2496 312 2557 quorum
340 2476 420 2539 alter
442 2482 515 2559 post
538 2475 750 2558 amplissimos
778 2475 989 2558 magistratus
1018 2477 1052 2539 et
1074 2496 1151 2558 pur·

178 2581 276 2640 puras
300 2561 480 2624 consulares
508 2564 541 2624 11
563 2562 763 2623 contractum
785 2560 871 2622 intra
896 2580 994 2622 unam
1018 2558 1150 2622 domurn

179 2644 337 2725 quendam
359 2642 516 2707 honorum
545 2648 690 2708 senatum
713 2644 780 2707 uita
802 2664 871 2706 sese
893 2642 1043 2706 abdicare
1066 2663 1152 2707 com·

248 2861 260 2908 1
280 2860 414 2912 redundat
431 2865 465 2925 li,
486 2879 554 2914 corr.
572 2866 705 2916 Liuineius
721 2863 731 2931 ΙΙ
748 2868 763 2916 ‘1
782 2865 868 2915 cuiuis
888 2864 1051 2928 Scirefferas:
1070 2863 1150 2914 euius

177 2930 204 2976 li
223 2930 283 2978 eius
295 2942 319 2976 w
333 2930 431 2994 cuique
443 2933 501 2984 edd.
517 2929 522 2995 Ι
539 2929 686 2997 &temptum
697 2936 804 2997 scripsi:
823 2932 974 2996 exemplum
986 2933 1014 2979 lli
1031 2930 1150 2995 exempli

179 2996 268 3048 odium
288 2997 363 3063 Orrsp.
376 2996 386 3062 ΙΙ
401 3001 431 3048 11
449 3000 592 3050 exerendis
611 3015 649 3048 w:
667 2999 827 3051 exercendis
845 3000 872 3046 Η
890 3000 1037 3064 egerendis
1051 2999 1150 3049 Acida-

177 3069 225 3116 Iius
243 3062 252 3131 ΙΙ
272 3068 303 3115 12
321 3069 527 3118 accresceretB
546 3069 738 3118 aceesoeretv
757 3067 978 3116 arcesoeretAll
996 3068 1152 3125 arc{:escc-

178 3138 220 3183 ret
237 3135 270 3182 W
286 3131 295 3197 ΙΙ
314 3136 345 3184 15
364 3134 499 3198 gallaious
516 3136 583 3184 BV:
603 3135 737 3200 gallaitus
755 3136 777 3183 A
795 3133 932 3198 galliaeus
951 3135 968 3182 (l
987 3132 1109 3197 gallicus
1127 3147 1152 3182 w

180 3198 191 3265 l}
213 3203 244 3250 16
264 3202 335 3265 quod
354 3202 494 3251 dedissent
513 3203 633 3253 dolentes
651 3204 671 3251 B
690 3205 707 3251 c
727 3203 747 3250 V
764 3203 797 3248 W
815 3202 917 3264 iubent,
937 3209 1008 3251 recte
1027 3217 1075 3252 om.
1093 3203 1116 3250 A
1136 3198 1149 3265 11

178 3269 210 3318 19
229 3273 257 3317 11
276 3269 380 3318 fossum
397 3271 419 3318 A
439 3270 567 3320 effossum
586 3279 645 3322 ceti.
673 3269 683 3336 ΙΙ
706 3272 739 3319 20
758 3270 872 3319 timetur
890 3268 922 3316 W
945 3266 955 3332 ΙΙ
979 3271 1013 3318 23
1037 3270 1084 3319 oui
1104 3268 1151 3318 ille

177 3336 199 3383 A
218 3335 308 3386 Beni„-
334 3334 381 3385 ille
400 3338 444 3385 cui
462 3337 482 3384 B
500 3339 517 3384 (i
535 3339 558 3385 V
576 3340 609 3385 W
631 3338 678 3388 ille
704 3337 748 3386 oui
766 3343 887 3387 uestrum
905 3349 929 3383 w
959 3334 969 3400 ΙΙ
999 3338 1034 3386 24
1056 3344 1152 3385 inrum·

178 3419 224 3466 que
247 3408 369 3453 uestrum
392 3405 440 3453 del.
461 3416 485 3450 w
508 3401 514 3465 Ι
539 3402 576 3470 is]
597 3406 656 3456 sic
681 3405 685 3470 Ι
708 3404 789 3454 Balio
808 3410 840 3456 tr.
865 3408 893 3452 et
910 3404 1041 3454 trabeate
1059 3404 1152 3453 Mero·

176 3468 449 3601 perpldesAp’ultpanus:
479 3469 572 3522 Uallio
595 3477 629 3522 tr.
656 3479 684 3522 et
707 3472 828 3521 trabeati
851 3470 1025 3521 merobaudis
1050 3466 1152 3533 (mero-

190 3550 224 3583 111
246 3551 267 3583 rs
