2406 4012
138 196 159 258 2
419 268 420 273 Ἰ
463 199 486 248 1.
516 195 779 253 0.PL1N11PAN.

138 346 233 410 nibus
256 367 337 428 quae
361 345 507 409 dicentur
529 366 548 406 a
569 365 620 407 me
642 342 773 407 libertas
795 342 873 406 fides
897 345 1021 408 ueritas
1038 366 1136 431 con-u

139 434 203 493 stet
223 433 413 511 tantumque
436 450 455 491 a
478 428 584 511 specie
610 427 802 491 adulationis
823 427 908 491 absit
930 429 1122 511 gratiarum

138 515 221 579 actio
244 536 316 578 mea
338 516 494 596 quantum
518 512 609 576 abest
632 533 650 574 a
671 513 874 576 necessitate.
1129 540 1134 551 ·

194 597 237 662 II.
261 597 419 680 Equidem
430 618 497 660 non
510 596 633 660 consuli
650 596 743 661 modo
755 596 810 659 sed
822 594 973 661 omnibus
985 596 1131 661 ciuibus'

114 681 327 746 renitendum
349 703 420 745 reor
441 701 482 744 ne
504 680 580 764 quid
608 679 647 744 de
679 681 824 765 principe
851 683 961 744 nostro
990 681 1036 744 ita
1064 680 1110 745 di-

138 769 214 831 cant
241 768 278 829 ut
305 766 390 829 idem
419 764 497 829 illud
525 765 564 829 de
593 764 655 829 alio
684 765 747 829 dici
775 765 918 848 potuisse
946 763 1111 829 uideatur„

138 872 235 934 quare
263 850 382 914 abeant
408 871 444 914 ac
478 849 629 916 recedant
655 870 751 913 uoces
784 849 861 913 illae
888 871 966 932 quas
1002 853 1112 914 metus
1122 864 1134 913 ε·

138 935 350 1018 exprimebat:
377 933 460 998 nihil
489 934 582 1017 quale
611 936 686 997 ante
716 933 873 1018 dicamus3
908 933 993 997 nihil
1021 934 1125 998 enim'

139 1021 232 1117 quale
255 1019 522 1116 anteanpatimur·
555 1039 616 1082 nec
645 1018 755 1114 eadem
783 1019 821 1082 de
849 1018 996 1100 principe
1025 1040 1110 1116 quae-

100 1124 124 1163 ¹⁰
138 1103 1108 1284 ltbrttttttlaitttlttltttttstttltl
1132 1190 1139 1275 χ

136 1274 271 1335 uersrtas
316 1275 497 1353 temporum
537 1274 570 1334 et
604 1293 642 1334 ex
674 1272 744 1353 ipso
777 1292 894 1356 genere
927 1272 1107 1355 gratiarum

137 1356 335 1439 agendarum
357 1354 566 1438 intellegatur
588 1355 647 1434 cui,
672 1355 799 1438 quando
823 1356 889 1419 sint
907 1358 1007 1419 actae.
1031 1377 1104 1420 nus·

99 1544 122 1582 1·
137 1461 233 1588 arr
251 1443 291 1588 t
312 1440 621 1608 illailltimdl
635 1439 1105 1589 lllitlltdli'tutoltt

138 1609 176 1672 de
203 1611 336 1693 parente
363 1607 531 1692 loquimur.
573 1611 606 1671 et
632 1573 823 1692 hcc’magis
853 1608 981 1672 excellit
1009 1612 1108 1694 atque
1136 1622 1142 1645 ⁵

137 1693 257 1758 eminet
278 1694 333 1758 ille
356 1692 438 1777 quod
460 1714 571 1762 unum*
586 1713 620 1756 se
642 1714 680 1756 ex
695 1693 787 1757 nobis
808 1695 902 1776 putat
916 1714 976 1757 nec
996 1693 1107 1759 minus

136 1777 300 1842 hominem
328 1800 396 1842 esse
426 1798 520 1859 quam
549 1777 732 1841 hominibus
762 1792 908 1860 praeesse
946 1778 1108 1847 meminit.
1136 1844 1139 1849 ,

137 1862 363 1945 intellegamus
386 1881 463 1945 ergo
485 1860 569 1924 bona
597 1865 708 1925 nostra
736 1862 913 1946 dignosque
952 1883 1012 1926 nos
1039 1862 1103 1926 illis
1143 1886 1148 1907 ⁴

98 1967 124 2005 20
137 1966 196 2009 usu
218 1944 390 2029 probemus
424 1947 518 2027 atque
540 1945 714 2009 identidem
738 1946 914 2031 cogitemus
937 1967 1036 2028 quam
1063 1949 1108 2012 sit
1145 2010 1148 2045 Ι

136 2030 304 2111 ineliquata
320 2030 347 2093 si
360 2029 463 2093 maius
478 2029 677 2113 principibus
697 2034 899 2114 praestemus
916 2029 1105 2114 obsequium
1144 2052 1148 2109 ς

137 2113 191 2197 qui
219 2114 373 2178 seruitute
408 2112 526 2178 ciuium
554 2136 650 2198 quam
673 2115 727 2198 qui
755 2115 903 2180 libertate
930 2117 1106 2180 laetantur.
1139 2116 1148 2193 Α,

137 2201 169 2263 et
182 2198 319 2283 populus
334 2198 462 2283 quidem
476 2197 642 2263 Romanus
658 2199 809 2263 dilectum
831 2200 1018 2284 principum
1040 2221 1104 2264 ser·
1140 2202 1148 2239 ³

135 2287 192 2350 uat
213 2286 394 2368 quantoque
415 2284 512 2367 paulo
531 2287 606 2347 ante
622 2287 779 2349 concentu
801 2285 978 2348 formosum
993 2283 1107 2369 alium,
1143 2326 1146 2333 -

96 2388 122 2427 aa
135 2368 222 2433 hunc
260 2368 471 2434 fortissimum
502 2371 671 2452 personat3
712 2369 890 2452 quibusque
931 2368 1105 2451 aliquando

137 2453 331 2518 clamoribus
352 2458 480 2540 gestum
491 2453 623 2518 alterius
639 2456 671 2517 et
686 2474 807 2535 uocem,
831 2453 925 2516 huius
947 2453 1104 2536 pietatem

135 2538 364 2602 abstinentiam
386 2538 663 2602 mansuetudinem
686 2537 806 2602 laudat.
838 2538 916 2622 quid
932 2558 992 2601 nos
1016 2536 1106 2622 ipsi?

136 2620 339 2686 diuinitatem
366 2623 523 2705 principis
550 2621 656 2685 nostri
686 2643 728 2685 an
761 2622 994 2687 humanitatem
1024 2629 1105 2687 tem·

135 2705 316 2786 perantiam
345 2704 543 2788 facilitatem,
575 2708 611 2768 ut
639 2726 729 2768 amor
765 2710 797 2771 et
828 2706 982 2792 gaudium
1016 2708 1103 2787 tulit,

95 2808 122 2847 m
137 2788 297 2854 celebrare
326 2789 468 2853 uniuersi
495 2788 657 2853 solemus?
697 2790 762 2855 iam
795 2791 870 2874 quid
897 2794 967 2855 tam
994 2791 1103 2874 ciuile,

202 2977 270 3027 ede
299 2978 423 3042 principe
453 2978 546 3043 palam
572 2979 648 3044 Oucp.
684 2976 694 3045 ΙΙ
730 2982 763 3030 10
792 2995 863 3046 quae
894 2995 935 3044 pr.
958 2994 1016 3030 sec.
1048 2979 1105 3044 loq.

134 3045 178 3094 W:
202 3060 256 3096 sec.
280 3045 336 3109 loq.
356 3060 426 3110 quae
449 3049 525 3112 pne
550 3061 606 3100 sec.
630 3062 702 3111 quae
725 3063 765 3113 pr.
787 3047 842 3112 loq.
859 3049 880 3097 B
897 3048 921 3095 V
943 3043 954 3111 ΙΙ
979 3048 1011 3097 13
1039 3054 1102 3098 acte

134 3127 270 3178 nusquam
289 3127 319 3178 ς,
336 3114 454 3178 Lipsius:
482 3113 619 3166 hactenus
648 3129 728 3180 quam
750 3117 778 3165 Ι
805 3112 816 3180 ΙΙ
846 3116 877 3165 16
899 3131 938 3180 aq.
965 3113 1106 3178 loquimur

133 3195 216 3231 unum
233 3179 280 3230 ille
297 3195 327 3230 sa
347 3196 381 3230 ex
397 3181 478 3232 nobis
491 3186 520 3232 et
537 3182 590 3232 hoc
602 3185 691 3247 magis
711 3197 768 3237 exc.
780 3199 804 3233 a.
818 3183 919 3232 eminet
931 3181 1004 3247 quod
1016 3197 1104 3233 unum

134 3262 167 3298 ex
184 3248 266 3299 nobis
285 3253 326 3304 (ex
343 3247 424 3299 nobis
442 3265 488 3302 om.
507 3250 548 3307 W)
570 3254 653 3315 putet
673 3251 708 3312 Η,
730 3252 845 3301 correxi.
870 3247 880 3315 ΙΙ
907 3251 939 3300 18
961 3248 1103 3300 hominem

134 3329 195 3365 ease
213 3317 321 3380 scripsi:
340 3314 478 3366 hominem
496 3332 525 3367 se
544 3318 572 3365 Η
595 3313 606 3381 ΙΙ
630 3318 662 3367 19
680 3317 736 3367 illis
753 3332 806 3368 usu
823 3319 943 3382 Lipsius:
960 3315 1038 3366 illius
1050 3331 1103 3367 usu

132 3383 159 3430 Π
183 3379 193 3447 ΙΙ
224 3385 257 3434 20
287 3397 368 3448 quam
391 3383 428 3433 sit
451 3383 593 3448 indignum
617 3399 664 3435 om.
688 3385 723 3445 Η,
754 3386 814 3438 add.
841 3385 916 3450 θυεμ.
940 3382 950 3451 u
974 3385 1007 3435 23
1028 3385 1104 3450 prin·

132 3450 221 3515 cipum
240 3449 384 3501 Liuineinst
407 3450 559 3517 principem
576 3452 604 3499 ll
620 3448 631 3516 ΙΙ
649 3452 682 3501 25
701 3452 800 3516 quibus
817 3452 851 3499 W
872 3449 882 3516 ΙΙ
905 3454 939 3504 30
957 3451 1125 3504 celebrare.

129 3533 178 3566 om.
198 3517 239 3581 W,
258 3518 381 3569 uniuersi
399 3518 561 3584 praedicare
579 3518 699 3569 solemus
717 3532 750 3571 w.
