2406 4012
422 179 584 230 rumano
604 181 637 229 o.
657 182 765 232 12—14.
1035 181 1075 243 13

90 330 252 395 <euntium
280 329 456 393 certamina
483 329 625 392 uirorum
653 350 741 391 arma
763 349 979 412 componeres,
1008 331 1074 394 tela

97 416 283 498 temptares
313 435 359 496 ac,
389 415 415 476 si
442 412 528 496 quod
556 412 664 476 durius
697 412 867 496 accipienti
902 413 1073 495 uideretur,

101 501 178 583 ipse
191 498 346 561 uibrares.
385 497 461 580 quid
477 518 548 560 cum
564 496 715 560 solacium
737 498 841 577 fessis,
864 498 969 582 aegris
981 519 1073 581 opem

94 583 231 648 ferres?
254 603 320 646 non
341 581 402 645 tibi
424 581 520 645 moris
542 583 600 645 tua
622 581 704 645 inire
725 582 874 665 tentoria,
902 582 966 646 nisi
989 603 1074 647 com-

101 667 292 732 militonum
315 669 390 730 ante
412 666 592 748 lustrasses,
616 687 675 729 nee
698 666 839 749 requiem
861 667 988 750 corpori
1010 667 1100 730 nisis

99 754 182 836 post
214 766 325 815 omnes
359 751 444 814 dare.
492 749 571 813 haut
602 749 681 813 mihi
713 751 923 816 admiratione
957 752 1074 835 dignus

97 839 281 920 imperator
302 834 474 916 uideretur,
502 834 529 897 si
551 834 636 897 inter
657 833 822 898 Fabricios
851 838 883 898 et
910 834 1074 918 Scipiones

98 926 138 985 et
162 919 316 985 Camillos
338 919 411 981 talis
434 921 532 982 esset:
559 922 638 982 tunc
660 918 745 981 enim
773 919 863 981 illum
885 919 1074 983 imitationis

100 1005 204 1069 ardor
218 1025 404 1087 semperque
419 1002 532 1066 melior
554 1002 668 1084 aliquis
684 1002 880 1066 accenderet.
905 1006 1074 1086 postquam

103 1109 184 1153 uero
219 1087 360 1151 studium
394 1108 556 1151 armorum
589 1108 608 1149 a
635 1087 784 1150 manibus
812 1087 852 1150 ad
881 1087 999 1170 oculos,
1034 1087 1074 1150 ad
1088 1107 1113 1145 ro

103 1174 309 1256 uoluptatem
330 1194 350 1235 a
370 1171 479 1235 labore
501 1171 693 1235 translatum
716 1174 778 1256 est5
801 1174 969 1255 postquam
985 1193 1074 1236 exer-

103 1257 317 1322 citationibus
349 1256 470 1320 nostris
502 1277 568 1319 non
601 1259 824 1319 ueteranorum
859 1256 983 1339 aliquis,
1025 1257 1075 1320 cui

106 1343 205 1406 decus
231 1340 363 1406 muralis
398 1344 454 1404 aut
483 1340 594 1422 ciuica,
630 1339 685 1404 sed
714 1340 887 1404 Graeculus
920 1341 1075 1425 magister

102 1425 244 1490 assistit:
268 1446 365 1509 quam
384 1445 539 1508 magnum
561 1427 610 1488 est
628 1447 726 1487 unum
749 1447 788 1488 ex
802 1424 949 1488 omnibus
970 1426 1075 1507 patrio

104 1532 208 1592 more,
237 1510 344 1594 patria
371 1510 490 1572 uirtute
517 1508 630 1573 laetari
664 1512 696 1572 et
730 1509 799 1572 sine
834 1509 967 1591 aemulo,
1004 1509 1072 1570 sine
1086 1525 1115 1565 15

103 1594 254 1678 exemplo
276 1615 383 1657 secum
406 1597 537 1672 certare,
567 1614 674 1656 seeum
697 1592 889 1656 contendere
918 1613 964 1675 ac,
994 1593 1076 1656 sieut

103 1681 265 1762 imperare
294 1677 406 1762 solum,
439 1677 485 1740 ita
517 1677 619 1740 solum
649 1698 717 1740 esse
746 1678 800 1759 qui
828 1675 943 1739 debeat
977 1675 1075 1759 impe-

104 1765 198 1826 rare!

164 1845 250 1910 XIV.
265 1845 298 1911 N
299 1867 341 1909 on
353 1845 548 1910 incunabula
558 1844 638 1908 haec
649 1845 719 1927 tibi,
734 1844 860 1928 Caesar,
872 1849 904 1909 et
915 1845 1076 1909 rudimen-

103 1936 154 2015 ta,
176 1952 246 1995 cum
267 1953 347 2014 puer
362 1930 533 1994 admodum
547 1928 698 1994 Parthica
719 1930 808 1994 lauro
823 1930 958 2014 gloriam
973 1931 1076 2014 patris
1089 1948 1115 1985 20

105 2036 244 2100 augeres
277 2035 457 2097 nomenque
486 2014 671 2078 Germanici
703 2015 768 2079 iam
800 2018 870 2079 tum
908 2036 1075 2092 mererere,

106 2122 184 2164 cum
206 2099 359 2164 ferociam
382 2099 624 2182 superbiamque
646 2098 838 2164 Parthorum
866 2121 904 2163 ex
931 2100 1076 2182 proximo

105 2184 238 2248 auditus
275 2204 394 2268 magno
432 2186 555 2247 terrore
595 2183 758 2248 cohiberes
798 2183 1009 2266 Rhenumque
1045 2186 1077 2245 et

105 2268 308 2352 Euphratem
330 2268 551 2332 admirationis
568 2271 642 2332 tuae
668 2270 819 2333 societate
843 2267 1075 2350 coniungeres?

105 2375 183 2418 cum
205 2353 313 2416 orbem
335 2361 492 2416 terrarum
517 2373 583 2416 non
604 2352 737 2435 pedibus
760 2352 864 2434 magis
887 2372 982 2433 quam
1009 2351 1074 2412 lau·
1089 2366 1115 2406 25

107 2437 204 2501 dibus
227 2457 424 2521 peragraras,
448 2435 533 2519 apud
556 2457 608 2500 eos
631 2456 756 2518 semper
783 2434 885 2497 maior
906 2436 939 2496 et
961 2433 1077 2497 clarior

105 2520 226 2605 quibus
257 2523 370 2604 postea
404 2519 618 2605 contigisses?
660 2521 693 2582 et
725 2519 861 2583 necdum
895 2517 1077 2602 imperator,

107 2606 246 2669 necdum
268 2605 319 2669 dei
346 2605 431 2670 filius
459 2626 538 2668 eras.
582 2603 789 2668 Germaniam
817 2602 1077 2688 Hispaniamque

105 2712 184 2754 cum
205 2689 360 2773 plurimae
382 2693 497 2774 gentes
526 2711 564 2753 ac
586 2711 685 2773 prope
712 2689 841 2753 infinita
869 2689 1003 2753 uastitas
1030 2691 1077 2751 in·

107 2774 295 2838 teriacentis
324 2774 384 2838 soli
411 2777 480 2838 tum
508 2773 703 2857 Pyrenaeus,
730 2773 831 2856 Alpes
865 2773 1075 2855 immenquue
1089 2789 1114 2828 80

181 2966 196 3014 ὅ
218 2964 353 3015 lustratas
375 2965 436 3012 BV
464 2960 475 3026 l
505 2963 606 3013 thaut
623 2964 731 3026 scripsi:
755 2961 808 3010 hac
826 2963 853 3009 u
875 2976 927 3010 nec
944 2961 1045 3010 Kailios
1064 2958 1076 3024 tl

105 3036 200 3083 'inon
217 3033 358 3081 uideretur
375 3045 400 3080 w
428 3028 438 3095 ΙΙ
467 3033 483 3080 8
505 3030 700 3079 immitationis
723 3032 740 3077 c
769 3028 779 3094 l
809 3031 841 3079 12
864 3033 989 3078 ueterum
1007 3028 1039 3075 W
1065 3024 1076 3090 t!

107 3100 275 3150 raeccine
294 3115 335 3150 ex.
353 3100 389 3160 Π,
408 3114 441 3149 ac
459 3114 504 3148 om.
524 3112 541 3163 ς
570 3094 580 3162 l
610 3099 641 3147 17
660 3097 796 3161 imperare
816 3096 904 3146 solum
925 3097 967 3144 ita
990 3093 1078 3145 solum

104 3168 218 3231 scripsi:
242 3169 393 3230 imperaret
416 3165 491 3215 solus
515 3164 602 3215 solum
624 3165 664 3214 ita
686 3166 714 3212 Η
736 3165 888 3229 imperate
917 3160 927 3226 l
958 3163 990 3212 19
1013 3158 1080 3224 non]

106 3249 175 3284 nam
194 3233 363 3284 Mommacaus
392 3230 402 3297 ΙΙ
432 3235 464 3283 21
481 3248 617 3282 mererere
636 3246 673 3280 w:
693 3246 796 3283 merere
814 3232 842 3278 li
871 3227 881 3294 ΙΙ
910 3232 944 3278 ii
962 3228 1080 3278 Partho·

106 3304 181 3360 rum]
208 3301 387 3351 barbarorum
410 3299 571 3350 Scbwurziue
600 3297 610 3364 ΙΙ
639 3302 673 3350 28
700 3299 877 3350 Germaniam
904 3295 1080 3362 Hispaniam-

107 3384 165 3435 que
193 3368 309 3418 Keiiius:
339 3369 570 3432 Germaniamque
597 3369 625 3415 Η
654 3366 819 3432 Hispaniam
848 3364 1080 3427 Germaniamque

106 3438 237 3488 Bauniua.
255 3439 332 3500 plura
353 3436 515 3487 intercidisse
532 3443 618 3486 censet
636 3436 802 3491 Dieruuerus,
821 3432 906 3484 Beiir.
931 3450 952 3483 a.
972 3449 995 3482 e.
1018 3432 1079 3481 ierit.

108 3504 202 3556 Geret.
227 3503 459 3570 Traiausp.193.
