<?xml version="1.0" encoding="UTF-8"?>
<!DOCTYPE html PUBLIC "-//W3C//DTD XHTML 1.0 Transitional//EN"
    "http://www.w3.org/TR/xhtml1/DTD/xhtml1-transitional.dtd">
<html xmlns="http://www.w3.org/1999/xhtml" xml:lang="en" lang="en">
 <head>
  <title>
</title>
<meta http-equiv="Content-Type" content="text/html;charset=utf-8" />
  <meta name='ocr-system' content='tesseract 3.04.00' />
  <meta name='ocr-capabilities' content='ocr_page ocr_carea ocr_par ocr_line ocrx_word'/>
</head>
<body>
  <div class='ocr_page' id='page_1' title='image "./xiipanegyricila01baehgoog_0193.png"; bbox 0 0 2394 3990; ppageno 0'>
   <div class='ocr_carea' id='block_1_1' title="bbox 500 176 900 263">
    <p class='ocr_par' dir='ltr' id='par_1_1' title="bbox 500 176 900 263">
     <span class='ocr_line' id='line_1_1' title="bbox 500 176 900 263; baseline -0.01 -33"><span class='ocrx_word' id='word_1_1' title='bbox 500 181 564 231; x_wconf 90' lang='lat' dir='ltr'>v11.</span> <span class='ocrx_word' id='word_1_2' title='bbox 592 177 742 230; x_wconf 77' lang='lat' dir='ltr'>INCERTI</span> <span class='ocrx_word' id='word_1_3' title='bbox 760 176 840 230; x_wconf 81' lang='grc' dir='ltr'><strong>ΡΑΝ.</strong></span> <span class='ocrx_word' id='word_1_4' title='bbox 895 254 900 263; x_wconf 22' lang='grc' dir='ltr'><strong><em>Ἢ</em></strong></span> 
     </span>
    </p>
   </div>
   <div class='ocr_carea' id='block_1_2' title="bbox 634 363 702 436">
    <p class='ocr_par' dir='ltr' id='par_1_2' title="bbox 634 363 702 436">
     <span class='ocr_line' id='line_1_2' title="bbox 634 363 702 436; baseline 0 0"><span class='ocrx_word' id='word_1_5' title='bbox 634 363 702 436; x_wconf 90' lang='lat' dir='ltr'>VII</span> 
     </span>
    </p>
   </div>
   <div class='ocr_carea' id='block_1_3' title="bbox 483 514 856 613">
    <p class='ocr_par' dir='ltr' id='par_1_3' title="bbox 483 514 856 613">
     <span class='ocr_line' id='line_1_3' title="bbox 483 514 856 613; baseline -0.005 -1"><span class='ocrx_word' id='word_1_6' title='bbox 483 514 856 613; x_wconf 78' lang='lat' dir='ltr'><strong>INOERTI</strong></span> 
     </span>
    </p>
   </div>
   <div class='ocr_carea' id='block_1_4' title="bbox 236 661 1108 836">
    <p class='ocr_par' dir='ltr' id='par_1_4' title="bbox 236 661 1108 836">
     <span class='ocr_line' id='line_1_4' title="bbox 236 661 1108 733; baseline -0.003 -2"><span class='ocrx_word' id='word_1_7' title='bbox 236 663 546 733; x_wconf 83' lang='lat' dir='ltr'><strong>PANEGYRIOUS</strong></span> <span class='ocrx_word' id='word_1_8' title='bbox 570 661 880 731; x_wconf 83' lang='lat' dir='ltr'>CONSTANTINO</span> <span class='ocrx_word' id='word_1_9' title='bbox 903 661 1108 729; x_wconf 82' lang='lat' dir='ltr'>AUGUSTO</span> 
     </span>
     <span class='ocr_line' id='line_1_5' title="bbox 557 784 789 836; baseline 0 0"><span class='ocrx_word' id='word_1_10' title='bbox 557 787 581 836; x_wconf 91' lang='lat' dir='ltr'>D</span> <span class='ocrx_word' id='word_1_11' title='bbox 600 787 614 836; x_wconf 95' lang='lat' dir='ltr'>I</span> <span class='ocrx_word' id='word_1_12' title='bbox 633 785 654 836; x_wconf 79' lang='lat' dir='ltr'>C</span> <span class='ocrx_word' id='word_1_13' title='bbox 673 786 696 836; x_wconf 87' lang='grc' dir='ltr'>Τ</span> <span class='ocrx_word' id='word_1_14' title='bbox 714 785 739 836; x_wconf 95' lang='lat' dir='ltr'><strong>U</strong></span> <span class='ocrx_word' id='word_1_15' title='bbox 758 784 789 836; x_wconf 86' lang='lat' dir='ltr'>S.</span> 
     </span>
    </p>
   </div>
   <div class='ocr_carea' id='block_1_5' title="bbox 136 916 1158 2863">
    <p class='ocr_par' dir='ltr' id='par_1_5' title="bbox 136 916 1158 2863">
     <span class='ocr_line' id='line_1_6' title="bbox 160 916 1157 1014; baseline -0.003 -30"><span class='ocrx_word' id='word_1_16' title='bbox 160 936 174 978; x_wconf 83' lang='lat'>⁵</span> <span class='ocrx_word' id='word_1_17' title='bbox 251 919 277 985; x_wconf 93' lang='grc' dir='ltr'>Ι.</span> <span class='ocrx_word' id='word_1_18' title='bbox 311 919 482 1002; x_wconf 81' lang='lat' dir='ltr'>Facerem,</span> <span class='ocrx_word' id='word_1_19' title='bbox 505 917 718 985; x_wconf 75' lang='lat' dir='ltr'><strong>sacratissime</strong></span> <span class='ocrx_word' id='word_1_20' title='bbox 741 917 930 1001; x_wconf 86' lang='lat' dir='ltr'>imperator,</span> <span class='ocrx_word' id='word_1_21' title='bbox 953 916 1040 999; x_wconf 91' lang='lat' dir='ltr'>quod</span> <span class='ocrx_word' id='word_1_22' title='bbox 1061 917 1157 1014; x_wconf 84' lang='lat' dir='ltr'>paulo</span> 
     </span>
     <span class='ocr_line' id='line_1_7' title="bbox 187 1000 1157 1088; baseline -0.003 -19"><span class='ocrx_word' id='word_1_23' title='bbox 187 1007 263 1079; x_wconf 70' lang='lat' dir='ltr'>‚ante</span> <span class='ocrx_word' id='word_1_24' title='bbox 286 1005 365 1068; x_wconf 93' lang='lat' dir='ltr'>mihi</span> <span class='ocrx_word' id='word_1_25' title='bbox 386 1003 531 1088; x_wconf 83' lang='lat' dir='ltr'>plerique</span> <span class='ocrx_word' id='word_1_26' title='bbox 554 1003 724 1067; x_wconf 88' lang='lat' dir='ltr'>suaserunt</span> <span class='ocrx_word' id='word_1_27' title='bbox 744 1004 795 1083; x_wconf 91' lang='lat' dir='ltr'>ut,</span> <span class='ocrx_word' id='word_1_28' title='bbox 825 1000 979 1084; x_wconf 88' lang='lat' dir='ltr'>quoniam</span> <span class='ocrx_word' id='word_1_29' title='bbox 1006 1004 1157 1066; x_wconf 81' lang='lat' dir='ltr'>maiestas</span> 
     </span>
     <span class='ocr_line' id='line_1_8' title="bbox 187 1084 1157 1154; baseline -0.002 -1"><span class='ocrx_word' id='word_1_30' title='bbox 187 1093 244 1154; x_wconf 86' lang='lat' dir='ltr'>tua</span> <span class='ocrx_word' id='word_1_31' title='bbox 272 1088 358 1153; x_wconf 89' lang='lat' dir='ltr'>hunc</span> <span class='ocrx_word' id='word_1_32' title='bbox 392 1087 607 1152; x_wconf 76' lang='lat' dir='ltr'>mediocritati</span> <span class='ocrx_word' id='word_1_33' title='bbox 634 1106 724 1150; x_wconf 88' lang='lat' dir='ltr'>meae</span> <span class='ocrx_word' id='word_1_34' title='bbox 753 1085 838 1150; x_wconf 88' lang='lat' dir='ltr'>diem</span> <span class='ocrx_word' id='word_1_35' title='bbox 869 1084 905 1148; x_wconf 91' lang='lat' dir='ltr'>in</span> <span class='ocrx_word' id='word_1_36' title='bbox 932 1085 996 1148; x_wconf 90' lang='lat' dir='ltr'>ista</span> <span class='ocrx_word' id='word_1_37' title='bbox 1025 1085 1157 1151; x_wconf 84' lang='lat' dir='ltr'>ciuitate</span> 
     </span>
     <span class='ocr_line' id='line_1_9' title="bbox 188 1168 1156 1254; baseline -0.003 -17"><span class='ocrx_word' id='word_1_38' title='bbox 188 1173 429 1237; x_wconf 86' lang='lat' dir='ltr'>celeberrimum</span> <span class='ocrx_word' id='word_1_39' title='bbox 453 1172 494 1235; x_wconf 88' lang='lat' dir='ltr'>ad</span> <span class='ocrx_word' id='word_1_40' title='bbox 516 1170 687 1236; x_wconf 89' lang='lat' dir='ltr'>dicendum</span> <span class='ocrx_word' id='word_1_41' title='bbox 709 1169 864 1252; x_wconf 88' lang='lat' dir='ltr'>dedisset,</span> <span class='ocrx_word' id='word_1_42' title='bbox 888 1168 926 1233; x_wconf 89' lang='lat' dir='ltr'>de</span> <span class='ocrx_word' id='word_1_43' title='bbox 949 1190 986 1233; x_wconf 90' lang='lat' dir='ltr'>eo</span> <span class='ocrx_word' id='word_1_44' title='bbox 1008 1169 1080 1254; x_wconf 91' lang='lat' dir='ltr'>ipso</span> <span class='ocrx_word' id='word_1_45' title='bbox 1102 1169 1156 1234; x_wconf 91' lang='lat' dir='ltr'>du·</span> 
     </span>
     <span class='ocr_line' id='line_1_10' title="bbox 189 1253 1157 1339; baseline -0.002 -19"><span class='ocrx_word' id='word_1_46' title='bbox 189 1278 293 1322; x_wconf 84' lang='lat' dir='ltr'>cerem</span> <span class='ocrx_word' id='word_1_47' title='bbox 321 1257 476 1320; x_wconf 90' lang='lat' dir='ltr'>sermonis</span> <span class='ocrx_word' id='word_1_48' title='bbox 504 1255 681 1338; x_wconf 83' lang='lat' dir='ltr'>exordium,</span> <span class='ocrx_word' id='word_1_49' title='bbox 715 1255 856 1318; x_wconf 88' lang='lat' dir='ltr'>nisime</span> <span class='ocrx_word' id='word_1_50' title='bbox 884 1255 924 1317; x_wconf 92' lang='lat' dir='ltr'>ab</span> <span class='ocrx_word' id='word_1_51' title='bbox 951 1253 1012 1319; x_wconf 88' lang='lat' dir='ltr'>hoc</span> <span class='ocrx_word' id='word_1_52' title='bbox 1041 1255 1157 1339; x_wconf 87' lang='lat' dir='ltr'>duplex</span> 
     </span>
     <span class='ocr_line' id='line_1_11' title="bbox 136 1338 1157 1423; baseline 0.005 -25"><span class='ocrx_word' id='word_1_53' title='bbox 136 1359 175 1401; x_wconf 69' lang='lat' dir='ltr'>ro</span> <span class='ocrx_word' id='word_1_54' title='bbox 188 1340 270 1405; x_wconf 89' lang='lat' dir='ltr'>ratio</span> <span class='ocrx_word' id='word_1_55' title='bbox 292 1344 458 1406; x_wconf 87' lang='lat' dir='ltr'>reuocaret</span> <span class='ocrx_word' id='word_1_56' title='bbox 480 1340 736 1406; x_wconf 83' lang='lat' dir='ltr'>considerantem</span> <span class='ocrx_word' id='word_1_57' title='bbox 764 1359 868 1423; x_wconf 87' lang='lat' dir='ltr'>neque</span> <span class='ocrx_word' id='word_1_58' title='bbox 895 1338 1019 1403; x_wconf 89' lang='lat' dir='ltr'>mediae</span> <span class='ocrx_word' id='word_1_59' title='bbox 1042 1339 1157 1404; x_wconf 76' lang='lat' dir='ltr'>aciatis</span> 
     </span>
     <span class='ocr_line' id='line_1_12' title="bbox 188 1422 1157 1491; baseline -0.001 -2"><span class='ocrx_word' id='word_1_60' title='bbox 188 1425 351 1490; x_wconf 89' lang='lat' dir='ltr'>hominem</span> <span class='ocrx_word' id='word_1_61' title='bbox 380 1428 543 1491; x_wconf 84' lang='lat' dir='ltr'>ostentare</span> <span class='ocrx_word' id='word_1_62' title='bbox 570 1425 685 1490; x_wconf 88' lang='lat' dir='ltr'>debere</span> <span class='ocrx_word' id='word_1_63' title='bbox 713 1424 851 1488; x_wconf 85' lang='lat' dir='ltr'>subitam</span> <span class='ocrx_word' id='word_1_64' title='bbox 873 1422 999 1488; x_wconf 86' lang='lat' dir='ltr'>dicendi</span> <span class='ocrx_word' id='word_1_65' title='bbox 1021 1423 1157 1489; x_wconf 82' lang='lat' dir='ltr'>faculta-</span> 
     </span>
     <span class='ocr_line' id='line_1_13' title="bbox 187 1509 1158 1596; baseline -0.001 -21"><span class='ocrx_word' id='word_1_66' title='bbox 187 1514 255 1576; x_wconf 88' lang='lat' dir='ltr'>tem</span> <span class='ocrx_word' id='word_1_67' title='bbox 286 1532 390 1596; x_wconf 88' lang='lat' dir='ltr'>neque</span> <span class='ocrx_word' id='word_1_68' title='bbox 423 1511 463 1575; x_wconf 89' lang='lat' dir='ltr'>ad</span> <span class='ocrx_word' id='word_1_69' title='bbox 490 1530 581 1576; x_wconf 88' lang='lat' dir='ltr'>aures</span> <span class='ocrx_word' id='word_1_70' title='bbox 609 1509 693 1574; x_wconf 84' lang='lat' dir='ltr'>tanti</span> <span class='ocrx_word' id='word_1_71' title='bbox 725 1509 866 1573; x_wconf 90' lang='lat' dir='ltr'>numinis</span> <span class='ocrx_word' id='word_1_72' title='bbox 895 1509 1066 1592; x_wconf 90' lang='lat' dir='ltr'>quicquam</span> <span class='ocrx_word' id='word_1_73' title='bbox 1093 1509 1158 1574; x_wconf 76' lang='lat' dir='ltr'>risi</span> 
     </span>
     <span class='ocr_line' id='line_1_14' title="bbox 189 1592 1157 1680; baseline -0.001 -21"><span class='ocrx_word' id='word_1_74' title='bbox 189 1595 243 1660; x_wconf 91' lang='lat' dir='ltr'>diu</span> <span class='ocrx_word' id='word_1_75' title='bbox 277 1597 432 1680; x_wconf 89' lang='lat' dir='ltr'>scriptum</span> <span class='ocrx_word' id='word_1_76' title='bbox 463 1599 496 1661; x_wconf 89' lang='lat' dir='ltr'>et</span> <span class='ocrx_word' id='word_1_77' title='bbox 529 1616 622 1680; x_wconf 80' lang='lat' dir='ltr'>saepe</span> <span class='ocrx_word' id='word_1_78' title='bbox 654 1596 828 1659; x_wconf 84' lang='lat' dir='ltr'>tractatum</span> <span class='ocrx_word' id='word_1_79' title='bbox 860 1592 968 1656; x_wconf 83' lang='lat' dir='ltr'>afferri</span> <span class='ocrx_word' id='word_1_80' title='bbox 998 1613 1017 1657; x_wconf 92' lang='grc' dir='ltr'>ο</span> <span class='ocrx_word' id='word_1_81' title='bbox 1042 1595 1157 1658; x_wconf 79' lang='lat' dir='ltr'>oriere.</span> 
     </span>
     <span class='ocr_line' id='line_1_15' title="bbox 189 1675 1157 1766; baseline -0.003 -22"><span class='ocrx_word' id='word_1_82' title='bbox 189 1681 278 1764; x_wconf 81' lang='lat' dir='ltr'>[nam</span> <span class='ocrx_word' id='word_1_83' title='bbox 299 1682 355 1765; x_wconf 87' lang='lat' dir='ltr'>qui</span> <span class='ocrx_word' id='word_1_84' title='bbox 382 1683 461 1766; x_wconf 90' lang='lat' dir='ltr'>aput</span> <span class='ocrx_word' id='word_1_85' title='bbox 482 1681 706 1764; x_wconf 86' lang='lat' dir='ltr'>imperatorem</span> <span class='ocrx_word' id='word_1_86' title='bbox 728 1678 839 1762; x_wconf 90' lang='lat' dir='ltr'>populi</span> <span class='ocrx_word' id='word_1_87' title='bbox 856 1675 996 1742; x_wconf 87' lang='lat' dir='ltr'>Romani</span> <span class='ocrx_word' id='word_1_88' title='bbox 1042 1678 1098 1743; x_wconf 88' lang='lat' dir='ltr'>&#39;cit</span> <span class='ocrx_word' id='word_1_89' title='bbox 1119 1698 1157 1741; x_wconf 87' lang='lat' dir='ltr'>ex</span> 
     </span>
     <span class='ocr_line' id='line_1_16' title="bbox 149 1760 1158 1850; baseline -0.002 -21"><span class='ocrx_word' id='word_1_90' title='bbox 149 1779 175 1820; x_wconf 80' lang='lat'>1⁵</span> <span class='ocrx_word' id='word_1_91' title='bbox 188 1773 347 1848; x_wconf 85' lang='lat' dir='ltr'>tempore,</span> <span class='ocrx_word' id='word_1_92' title='bbox 382 1769 538 1849; x_wconf 86' lang='lat' dir='ltr'>quantum</span> <span class='ocrx_word' id='word_1_93' title='bbox 566 1764 610 1829; x_wconf 89' lang='lat' dir='ltr'>sit</span> <span class='ocrx_word' id='word_1_94' title='bbox 639 1785 706 1828; x_wconf 91' lang='lat' dir='ltr'>non</span> <span class='ocrx_word' id='word_1_95' title='bbox 734 1763 832 1827; x_wconf 87' lang='lat' dir='ltr'>sentit</span> <span class='ocrx_word' id='word_1_96' title='bbox 859 1760 1052 1850; x_wconf 81' lang='lat' dir='ltr'>imperium]</span> <span class='ocrx_word' id='word_1_97' title='bbox 1096 1761 1158 1827; x_wconf 89' lang='lat' dir='ltr'>hue</span> 
     </span>
     <span class='ocr_line' id='line_1_17' title="bbox 189 1847 1158 1931; baseline -0.001 -19"><span class='ocrx_word' id='word_1_98' title='bbox 189 1848 313 1913; x_wconf 83' lang='lat' dir='ltr'>accedit</span> <span class='ocrx_word' id='word_1_99' title='bbox 341 1849 424 1931; x_wconf 91' lang='lat' dir='ltr'>quod</span> <span class='ocrx_word' id='word_1_100' title='bbox 453 1851 517 1914; x_wconf 89' lang='lat' dir='ltr'>iam</span> <span class='ocrx_word' id='word_1_101' title='bbox 544 1850 622 1913; x_wconf 85' lang='lat' dir='ltr'>satis</span> <span class='ocrx_word' id='word_1_102' title='bbox 654 1848 749 1913; x_wconf 87' lang='lat' dir='ltr'>multi</span> <span class='ocrx_word' id='word_1_103' title='bbox 775 1849 851 1912; x_wconf 88' lang='lat' dir='ltr'>sunt</span> <span class='ocrx_word' id='word_1_104' title='bbox 899 1847 933 1911; x_wconf 92' lang='lat' dir='ltr'>ui</span> <span class='ocrx_word' id='word_1_105' title='bbox 961 1868 1012 1911; x_wconf 91' lang='lat' dir='ltr'>me</span> <span class='ocrx_word' id='word_1_106' title='bbox 1039 1849 1158 1930; x_wconf 87' lang='lat' dir='ltr'>putant</span> 
     </span>
     <span class='ocr_line' id='line_1_18' title="bbox 188 1932 1157 2016; baseline 0 -22"><span class='ocrx_word' id='word_1_107' title='bbox 188 1932 324 1995; x_wconf 89' lang='lat' dir='ltr'>nimium</span> <span class='ocrx_word' id='word_1_108' title='bbox 345 1932 447 1996; x_wconf 89' lang='lat' dir='ltr'>multa</span> <span class='ocrx_word' id='word_1_109' title='bbox 469 1934 642 2011; x_wconf 87' lang='lat' dir='ltr'>dicturum,</span> <span class='ocrx_word' id='word_1_110' title='bbox 665 1932 775 2016; x_wconf 89' lang='lat' dir='ltr'>idque,</span> <span class='ocrx_word' id='word_1_111' title='bbox 798 1935 834 1997; x_wconf 90' lang='lat' dir='ltr'>ut</span> <span class='ocrx_word' id='word_1_112' title='bbox 856 1953 891 1995; x_wconf 92' lang='lat' dir='ltr'>ar</span> <span class='ocrx_word' id='word_1_113' title='bbox 913 1932 1006 2011; x_wconf 86' lang='lat' dir='ltr'>itror,</span> <span class='ocrx_word' id='word_1_114' title='bbox 1030 1952 1097 1995; x_wconf 91' lang='lat' dir='ltr'>non</span> <span class='ocrx_word' id='word_1_115' title='bbox 1118 1952 1157 1995; x_wconf 87' lang='lat' dir='ltr'>ex</span> 
     </span>
     <span class='ocr_line' id='line_1_19' title="bbox 188 2014 1157 2100; baseline 0.002 -23"><span class='ocrx_word' id='word_1_116' title='bbox 188 2015 319 2099; x_wconf 83' lang='lat' dir='ltr'>ingenio</span> <span class='ocrx_word' id='word_1_117' title='bbox 348 2037 434 2099; x_wconf 83' lang='lat' dir='ltr'>mee,</span> <span class='ocrx_word' id='word_1_118' title='bbox 471 2015 557 2100; x_wconf 89' lang='lat' dir='ltr'>quod</span> <span class='ocrx_word' id='word_1_119' title='bbox 584 2015 743 2082; x_wconf 87' lang='lat' dir='ltr'>mediocre</span> <span class='ocrx_word' id='word_1_120' title='bbox 770 2019 835 2099; x_wconf 85' lang='lat' dir='ltr'>est,</span> <span class='ocrx_word' id='word_1_121' title='bbox 874 2017 930 2081; x_wconf 92' lang='lat' dir='ltr'>sed</span> <span class='ocrx_word' id='word_1_122' title='bbox 960 2037 998 2080; x_wconf 84' lang='lat' dir='ltr'>ex</span> <span class='ocrx_word' id='word_1_123' title='bbox 1027 2014 1157 2080; x_wconf 88' lang='lat' dir='ltr'>laudum</span> 
     </span>
     <span class='ocr_line' id='line_1_20' title="bbox 189 2101 1158 2186; baseline 0.001 -23"><span class='ocrx_word' id='word_1_124' title='bbox 189 2103 369 2165; x_wconf 87' lang='lat' dir='ltr'>uestrarum</span> <span class='ocrx_word' id='word_1_125' title='bbox 402 2101 493 2184; x_wconf 89' lang='lat' dir='ltr'>copia</span> <span class='ocrx_word' id='word_1_126' title='bbox 527 2101 713 2166; x_wconf 88' lang='lat' dir='ltr'>metiuntur.</span> <span class='ocrx_word' id='word_1_127' title='bbox 757 2122 892 2185; x_wconf 90' lang='lat' dir='ltr'>quorum</span> <span class='ocrx_word' id='word_1_128' title='bbox 920 2122 981 2186; x_wconf 83' lang='lat' dir='ltr'>ego</span> <span class='ocrx_word' id='word_1_129' title='bbox 1010 2104 1158 2185; x_wconf 87' lang='lat' dir='ltr'>expecta·</span> 
     </span>
     <span class='ocr_line' id='line_1_21' title="bbox 151 2185 1158 2252; baseline 0 -3"><span class='ocrx_word' id='word_1_130' title='bbox 151 2201 177 2242; x_wconf 75' lang='lat'>2⁰</span> <span class='ocrx_word' id='word_1_131' title='bbox 189 2186 312 2250; x_wconf 85' lang='lat' dir='ltr'>tionem</span> <span class='ocrx_word' id='word_1_132' title='bbox 334 2185 455 2250; x_wconf 86' lang='lat' dir='ltr'>inuitus</span> <span class='ocrx_word' id='word_1_133' title='bbox 474 2185 551 2250; x_wconf 89' lang='lat' dir='ltr'>licet</span> <span class='ocrx_word' id='word_1_134' title='bbox 572 2185 683 2250; x_wconf 86' lang='lat' dir='ltr'>fallam</span> <span class='ocrx_word' id='word_1_135' title='bbox 697 2186 857 2252; x_wconf 80' lang='lat' dir='ltr'>breuitate</span> <span class='ocrx_word' id='word_1_136' title='bbox 879 2185 1016 2251; x_wconf 90' lang='lat' dir='ltr'>dicendi.</span> <span class='ocrx_word' id='word_1_137' title='bbox 1045 2206 1158 2251; x_wconf 87' lang='lat' dir='ltr'>reuera</span> 
     </span>
     <span class='ocr_line' id='line_1_22' title="bbox 191 2268 1156 2356; baseline -0.001 -21"><span class='ocrx_word' id='word_1_138' title='bbox 191 2272 277 2335; x_wconf 92' lang='lat' dir='ltr'>enim</span> <span class='ocrx_word' id='word_1_139' title='bbox 312 2270 529 2356; x_wconf 84' lang='lat' dir='ltr'>cogitaueram</span> <span class='ocrx_word' id='word_1_140' title='bbox 556 2271 649 2355; x_wconf 88' lang='lat' dir='ltr'>plura</span> <span class='ocrx_word' id='word_1_141' title='bbox 680 2292 761 2355; x_wconf 89' lang='lat' dir='ltr'>quae</span> <span class='ocrx_word' id='word_1_142' title='bbox 793 2271 946 2354; x_wconf 88' lang='lat' dir='ltr'>dicerem,</span> <span class='ocrx_word' id='word_1_143' title='bbox 982 2270 1039 2335; x_wconf 84' lang='lat' dir='ltr'>sed</span> <span class='ocrx_word' id='word_1_144' title='bbox 1072 2268 1156 2335; x_wconf 87' lang='lat' dir='ltr'>malo</span> 
     </span>
     <span class='ocr_line' id='line_1_23' title="bbox 190 2354 1156 2439; baseline 0.001 -21"><span class='ocrx_word' id='word_1_145' title='bbox 190 2357 370 2421; x_wconf 89' lang='lat' dir='ltr'>orationem</span> <span class='ocrx_word' id='word_1_146' title='bbox 391 2377 495 2420; x_wconf 88' lang='lat' dir='ltr'>meam</span> <span class='ocrx_word' id='word_1_147' title='bbox 515 2376 578 2422; x_wconf 80' lang='lat' dir='ltr'>asse</span> <span class='ocrx_word' id='word_1_148' title='bbox 598 2376 747 2422; x_wconf 81' lang='lat' dir='ltr'>maurum</span> <span class='ocrx_word' id='word_1_149' title='bbox 768 2376 864 2439; x_wconf 89' lang='lat' dir='ltr'>quam</span> <span class='ocrx_word' id='word_1_150' title='bbox 885 2355 1003 2438; x_wconf 87' lang='lat' dir='ltr'>respui.</span> <span class='ocrx_word' id='word_1_151' title='bbox 1047 2354 1156 2439; x_wconf 87' lang='lat' dir='ltr'>itaqua</span> 
     </span>
     <span class='ocr_line' id='line_1_24' title="bbox 189 2438 1156 2525; baseline 0.001 -22"><span class='ocrx_word' id='word_1_152' title='bbox 189 2440 328 2523; x_wconf 92' lang='lat' dir='ltr'>primum</span> <span class='ocrx_word' id='word_1_153' title='bbox 350 2441 429 2505; x_wconf 90' lang='lat' dir='ltr'>illud</span> <span class='ocrx_word' id='word_1_154' title='bbox 451 2440 674 2525; x_wconf 89' lang='lat' dir='ltr'>compendium</span> <span class='ocrx_word' id='word_1_155' title='bbox 695 2439 812 2504; x_wconf 88' lang='lat' dir='ltr'>faciam</span> <span class='ocrx_word' id='word_1_156' title='bbox 833 2438 928 2524; x_wconf 89' lang='lat' dir='ltr'>quod,</span> <span class='ocrx_word' id='word_1_157' title='bbox 951 2460 1024 2503; x_wconf 90' lang='lat' dir='ltr'>cum</span> <span class='ocrx_word' id='word_1_158' title='bbox 1045 2459 1156 2504; x_wconf 85' lang='lat' dir='ltr'>omnes</span> 
     </span>
     <span class='ocr_line' id='line_1_25' title="bbox 189 2525 1156 2608; baseline -0.002 -20"><span class='ocrx_word' id='word_1_159' title='bbox 189 2545 264 2608; x_wconf 91' lang='lat' dir='ltr'>uos,</span> <span class='ocrx_word' id='word_1_160' title='bbox 295 2525 499 2590; x_wconf 90' lang='lat' dir='ltr'>inuictissimi</span> <span class='ocrx_word' id='word_1_161' title='bbox 520 2526 698 2608; x_wconf 91' lang='lat' dir='ltr'>principes,</span> <span class='ocrx_word' id='word_1_162' title='bbox 728 2545 863 2608; x_wconf 88' lang='lat' dir='ltr'>quorum</span> <span class='ocrx_word' id='word_1_163' title='bbox 892 2543 1028 2588; x_wconf 89' lang='lat' dir='ltr'>concors</span> <span class='ocrx_word' id='word_1_164' title='bbox 1050 2526 1100 2589; x_wconf 85' lang='lat' dir='ltr'>est</span> <span class='ocrx_word' id='word_1_165' title='bbox 1124 2525 1156 2587; x_wconf 84' lang='lat' dir='ltr'>et</span> 
     </span>
     <span class='ocr_line' id='line_1_26' title="bbox 150 2607 1156 2692; baseline 0.004 -23"><span class='ocrx_word' id='word_1_166' title='bbox 150 2621 176 2662; x_wconf 74' lang='lat'>25</span> <span class='ocrx_word' id='word_1_167' title='bbox 190 2608 276 2670; x_wconf 89' lang='lat' dir='ltr'>socia</span> <span class='ocrx_word' id='word_1_168' title='bbox 296 2609 462 2690; x_wconf 83' lang='lat' dir='ltr'>maiestas,</span> <span class='ocrx_word' id='word_1_169' title='bbox 492 2608 600 2672; x_wconf 90' lang='lat' dir='ltr'>debita</span> <span class='ocrx_word' id='word_1_170' title='bbox 627 2609 834 2673; x_wconf 87' lang='lat' dir='ltr'>ueneratione</span> <span class='ocrx_word' id='word_1_171' title='bbox 856 2607 1054 2692; x_wconf 77' lang='lat' dir='ltr'>suspiciam,</span> <span class='ocrx_word' id='word_1_172' title='bbox 1071 2607 1156 2673; x_wconf 85' lang='lat' dir='ltr'>huno</span> 
     </span>
     <span class='ocr_line' id='line_1_27' title="bbox 187 2691 1154 2837; baseline 0.002 -83"><span class='ocrx_word' id='word_1_173' title='bbox 187 2694 298 2754; x_wconf 83' lang='lat' dir='ltr'>tamen</span> <span class='ocrx_word' id='word_1_174' title='bbox 334 2691 658 2837; x_wconf 60' lang='lat' dir='ltr'>puantulumcumque</span> <span class='ocrx_word' id='word_1_175' title='bbox 690 2694 745 2756; x_wconf 91' lang='lat' dir='ltr'>tuo</span> <span class='ocrx_word' id='word_1_176' title='bbox 781 2693 892 2777; x_wconf 93' lang='lat' dir='ltr'>modo,</span> <span class='ocrx_word' id='word_1_177' title='bbox 931 2691 1154 2774; x_wconf 78' lang='lat' dir='ltr'>Constantine,</span> 
     </span>
     <span class='ocr_line' id='line_1_28' title="bbox 188 2774 1155 2863; baseline 0.006 -27"><span class='ocrx_word' id='word_1_178' title='bbox 188 2774 314 2837; x_wconf 90' lang='lat' dir='ltr'>numini</span> <span class='ocrx_word' id='word_1_179' title='bbox 357 2774 448 2839; x_wconf 89' lang='lat' dir='ltr'>ieabo</span> <span class='ocrx_word' id='word_1_180' title='bbox 471 2796 660 2840; x_wconf 85' lang='lat' dir='ltr'>sermonem.</span> <span class='ocrx_word' id='word_1_181' title='bbox 683 2780 721 2840; x_wconf 87' lang='lat' dir='ltr'>ut</span> <span class='ocrx_word' id='word_1_182' title='bbox 742 2777 827 2842; x_wconf 90' lang='lat' dir='ltr'>enim</span> <span class='ocrx_word' id='word_1_183' title='bbox 849 2778 936 2863; x_wconf 92' lang='lat' dir='ltr'>ipsos</span> <span class='ocrx_word' id='word_1_184' title='bbox 958 2777 1155 2843; x_wconf 84' lang='lat' dir='ltr'>immortales</span> 
     </span>
    </p>
   </div>
   <div class='ocr_carea' id='block_1_6' title="bbox 189 2962 1159 3572">
    <p class='ocr_par' dir='ltr' id='par_1_6' title="bbox 189 2962 1159 3572">
     <span class='ocr_line' id='line_1_29' title="bbox 257 2962 1156 3031; baseline 0.004 -18"><span class='ocrx_word' id='word_1_185' title='bbox 257 2964 271 3013; x_wconf 82' lang='grc'><strong>7</strong></span> <span class='ocrx_word' id='word_1_186' title='bbox 285 2977 341 3012; x_wconf 86' lang='lat' dir='ltr'>mee</span> <span class='ocrx_word' id='word_1_187' title='bbox 353 2962 424 3013; x_wconf 86' lang='lat' dir='ltr'>diem</span> <span class='ocrx_word' id='word_1_188' title='bbox 436 2977 473 3013; x_wconf 82' lang='lat' dir='ltr'>w:</span> <span class='ocrx_word' id='word_1_189' title='bbox 492 2978 551 3015; x_wconf 89' lang='lat' dir='ltr'>mee</span> <span class='ocrx_word' id='word_1_190' title='bbox 565 2963 628 3015; x_wconf 85' lang='lat' dir='ltr'>ediir</span> <span class='ocrx_word' id='word_1_191' title='bbox 640 2966 661 3015; x_wconf 73' lang='lat' dir='ltr'>B</span> <span class='ocrx_word' id='word_1_192' title='bbox 676 2963 766 3031; x_wconf 80' lang='lat' dir='ltr'>(murp.</span> <span class='ocrx_word' id='word_1_193' title='bbox 777 2963 861 3029; x_wconf 85' lang='lat' dir='ltr'>diem)</span> <span class='ocrx_word' id='word_1_194' title='bbox 876 2980 940 3016; x_wconf 87' lang='lat' dir='ltr'>moa</span> <span class='ocrx_word' id='word_1_195' title='bbox 951 2965 1016 3016; x_wconf 72' lang='lat' dir='ltr'>edii</span> <span class='ocrx_word' id='word_1_196' title='bbox 1028 2966 1083 3016; x_wconf 77' lang='grc' dir='ltr'><strong>Η</strong></span> <span class='ocrx_word' id='word_1_197' title='bbox 1097 2978 1156 3017; x_wconf 79' lang='lat' dir='ltr'>mec</span> 
     </span>
     <span class='ocr_line' id='line_1_30' title="bbox 189 3029 1157 3101; baseline 0.004 -21"><span class='ocrx_word' id='word_1_198' title='bbox 189 3030 261 3082; x_wconf 86' lang='lat' dir='ltr'>diem</span> <span class='ocrx_word' id='word_1_199' title='bbox 280 3030 371 3082; x_wconf 86' lang='lat' dir='ltr'>edium</span> <span class='ocrx_word' id='word_1_200' title='bbox 389 3029 458 3097; x_wconf 77' lang='grc'><strong>6118</strong></span> <span class='ocrx_word' id='word_1_201' title='bbox 479 3032 604 3083; x_wconf 84' lang='lat' dir='ltr'>ducerem</span> <span class='ocrx_word' id='word_1_202' title='bbox 621 3034 699 3084; x_wconf 72' lang='lat' dir='ltr'>edd:</span> <span class='ocrx_word' id='word_1_203' title='bbox 717 3033 818 3083; x_wconf 84' lang='lat' dir='ltr'>ducere</span> <span class='ocrx_word' id='word_1_204' title='bbox 836 3033 864 3080; x_wconf 73' lang='grc' dir='ltr'>Ι</span> <span class='ocrx_word' id='word_1_205' title='bbox 880 3031 891 3098; x_wconf 72' lang='grc' dir='ltr'>[Ι</span> <span class='ocrx_word' id='word_1_206' title='bbox 907 3034 923 3083; x_wconf 84' lang='grc'>9</span> <span class='ocrx_word' id='word_1_207' title='bbox 942 3029 989 3100; x_wconf 91' lang='lat' dir='ltr'>ab]</span> <span class='ocrx_word' id='word_1_208' title='bbox 1011 3032 1047 3085; x_wconf 86' lang='lat' dir='ltr'>ad</span> <span class='ocrx_word' id='word_1_209' title='bbox 1064 3036 1082 3084; x_wconf 83' lang='grc'><strong>0</strong></span> <span class='ocrx_word' id='word_1_210' title='bbox 1097 3032 1109 3101; x_wconf 88' lang='grc' dir='ltr'>Ι</span> <span class='ocrx_word' id='word_1_211' title='bbox 1125 3034 1157 3084; x_wconf 87' lang='grc'>10</span> 
     </span>
     <span class='ocr_line' id='line_1_31' title="bbox 189 3096 1158 3166; baseline 0.001 -16"><span class='ocrx_word' id='word_1_212' title='bbox 189 3099 409 3150; x_wconf 81' lang='lat' dir='ltr'>considerantem</span> <span class='ocrx_word' id='word_1_213' title='bbox 420 3096 519 3166; x_wconf 86' lang='lat' dir='ltr'>neque]</span> <span class='ocrx_word' id='word_1_214' title='bbox 532 3100 707 3151; x_wconf 73' lang='lat' dir='ltr'>considerari</span> <span class='ocrx_word' id='word_1_215' title='bbox 717 3115 786 3165; x_wconf 83' lang='lat' dir='ltr'>naq:</span> <span class='ocrx_word' id='word_1_216' title='bbox 796 3115 821 3150; x_wconf 81' lang='lat' dir='ltr'><strong>w</strong></span> <span class='ocrx_word' id='word_1_217' title='bbox 833 3098 844 3166; x_wconf 72' lang='lat' dir='ltr'>lt</span> <span class='ocrx_word' id='word_1_218' title='bbox 858 3103 889 3150; x_wconf 75' lang='lat'>12</span> <span class='ocrx_word' id='word_1_219' title='bbox 898 3107 958 3165; x_wconf 79' lang='lat' dir='ltr'>port</span> <span class='ocrx_word' id='word_1_220' title='bbox 968 3101 1069 3153; x_wconf 78' lang='lat' dir='ltr'>facult.</span> <span class='ocrx_word' id='word_1_221' title='bbox 1077 3104 1158 3153; x_wconf 58' lang='lat' dir='ltr'>aaut</span> 
     </span>
     <span class='ocr_line' id='line_1_32' title="bbox 189 3165 1156 3233; baseline 0.005 -18"><span class='ocrx_word' id='word_1_222' title='bbox 189 3166 212 3215; x_wconf 83' lang='grc' dir='ltr'><strong>Δ</strong></span> <span class='ocrx_word' id='word_1_223' title='bbox 229 3166 345 3230; x_wconf 85' lang='lat' dir='ltr'>dicendi,</span> <span class='ocrx_word' id='word_1_224' title='bbox 364 3168 390 3216; x_wconf 83' lang='lat' dir='ltr'>iu</span> <span class='ocrx_word' id='word_1_225' title='bbox 402 3166 434 3214; x_wconf 81' lang='lat' dir='ltr'>W</span> <span class='ocrx_word' id='word_1_226' title='bbox 451 3183 506 3217; x_wconf 80' lang='lat' dir='ltr'>rur.</span> <span class='ocrx_word' id='word_1_227' title='bbox 522 3170 596 3220; x_wconf 79' lang='lat' dir='ltr'>7tr’u.</span> <span class='ocrx_word' id='word_1_228' title='bbox 608 3171 682 3232; x_wconf 77' lang='lat' dir='ltr'>prius</span> <span class='ocrx_word' id='word_1_229' title='bbox 694 3167 801 3218; x_wconf 86' lang='lat' dir='ltr'>dicandi</span> <span class='ocrx_word' id='word_1_230' title='bbox 813 3169 949 3219; x_wconf 83' lang='lat' dir='ltr'>deleuerim</span> <span class='ocrx_word' id='word_1_231' title='bbox 965 3165 969 3233; x_wconf 95' lang='grc' dir='ltr'>Ι</span> <span class='ocrx_word' id='word_1_232' title='bbox 984 3168 1041 3220; x_wconf 83' lang='lat' dir='ltr'>nisi</span> <span class='ocrx_word' id='word_1_233' title='bbox 1057 3185 1105 3220; x_wconf 77' lang='lat' dir='ltr'>orn.</span> <span class='ocrx_word' id='word_1_234' title='bbox 1122 3168 1156 3231; x_wconf 81' lang='grc' dir='ltr'>Ι,</span> 
     </span>
     <span class='ocr_line' id='line_1_33' title="bbox 189 3232 1157 3302; baseline 0.004 -19"><span class='ocrx_word' id='word_1_235' title='bbox 189 3236 250 3284; x_wconf 82' lang='lat' dir='ltr'>add.</span> <span class='ocrx_word' id='word_1_236' title='bbox 270 3232 357 3300; x_wconf 63' lang='lat' dir='ltr'>eddi</span> <span class='ocrx_word' id='word_1_237' title='bbox 382 3238 413 3285; x_wconf 80' lang='lat'>13</span> <span class='ocrx_word' id='word_1_238' title='bbox 432 3235 593 3285; x_wconf 71' lang='lat' dir='ltr'>traetnmd</span> <span class='ocrx_word' id='word_1_239' title='bbox 614 3232 624 3302; x_wconf 73' lang='lat' dir='ltr'>ss</span> <span class='ocrx_word' id='word_1_240' title='bbox 647 3238 679 3287; x_wconf 80' lang='lat'>14</span> <span class='ocrx_word' id='word_1_241' title='bbox 696 3251 759 3286; x_wconf 89' lang='lat' dir='ltr'>nam</span> <span class='ocrx_word' id='word_1_242' title='bbox 778 3236 875 3300; x_wconf 88' lang='lat' dir='ltr'>qui-</span> <span class='ocrx_word' id='word_1_243' title='bbox 895 3236 1090 3301; x_wconf 69' lang='lat' dir='ltr'>lampetium</span> <span class='ocrx_word' id='word_1_244' title='bbox 1107 3236 1157 3288; x_wconf 74' lang='lat' dir='ltr'>dat</span> 
     </span>
     <span class='ocr_line' id='line_1_34' title="bbox 189 3299 1157 3368; baseline 0.002 -19"><span class='ocrx_word' id='word_1_245' title='bbox 189 3299 425 3367; x_wconf 68' lang='lat' dir='ltr'>Eyssenhardtucd</span> <span class='ocrx_word' id='word_1_246' title='bbox 449 3300 609 3353; x_wconf 71' lang='lat' dir='ltr'>rolandum</span> <span class='ocrx_word' id='word_1_247' title='bbox 628 3308 737 3354; x_wconf 85' lang='lat' dir='ltr'>tuarum</span> <span class='ocrx_word' id='word_1_248' title='bbox 755 3316 779 3350; x_wconf 85' lang='lat' dir='ltr'><strong>w</strong></span> <span class='ocrx_word' id='word_1_249' title='bbox 800 3301 811 3368; x_wconf 72' lang='lat' dir='ltr'>ss</span> <span class='ocrx_word' id='word_1_250' title='bbox 832 3305 864 3353; x_wconf 77' lang='lat'>21</span> <span class='ocrx_word' id='word_1_251' title='bbox 883 3302 957 3353; x_wconf 90' lang='lat' dir='ltr'>malo</span> <span class='ocrx_word' id='word_1_252' title='bbox 975 3305 1007 3353; x_wconf 82' lang='lat'>0:</span> <span class='ocrx_word' id='word_1_253' title='bbox 1026 3303 1113 3355; x_wconf 81' lang='lat' dir='ltr'>mallo</span> <span class='ocrx_word' id='word_1_254' title='bbox 1129 3304 1157 3351; x_wconf 78' lang='grc' dir='ltr'>Ι</span> 
     </span>
     <span class='ocr_line' id='line_1_35' title="bbox 191 3365 1158 3432; baseline 0.005 -16"><span class='ocrx_word' id='word_1_255' title='bbox 191 3365 203 3430; x_wconf 69' lang='grc' dir='ltr'>ΙΙ</span> <span class='ocrx_word' id='word_1_256' title='bbox 223 3371 256 3418; x_wconf 75' lang='grc'>22</span> <span class='ocrx_word' id='word_1_257' title='bbox 275 3384 336 3421; x_wconf 84' lang='lat' dir='ltr'>esse</span> <span class='ocrx_word' id='word_1_258' title='bbox 355 3384 481 3429; x_wconf 84' lang='lat' dir='ltr'>mancam</span> <span class='ocrx_word' id='word_1_259' title='bbox 498 3370 603 3421; x_wconf 83' lang='lat' dir='ltr'>addidi:</span> <span class='ocrx_word' id='word_1_260' title='bbox 625 3387 670 3422; x_wconf 85' lang='lat' dir='ltr'>om.</span> <span class='ocrx_word' id='word_1_261' title='bbox 688 3371 716 3418; x_wconf 77' lang='grc' dir='ltr'>Ι</span> <span class='ocrx_word' id='word_1_262' title='bbox 737 3370 809 3424; x_wconf 76' lang='lat' dir='ltr'>Bert.</span> <span class='ocrx_word' id='word_1_263' title='bbox 832 3371 944 3422; x_wconf 86' lang='lat' dir='ltr'>breuem</span> <span class='ocrx_word' id='word_1_264' title='bbox 964 3385 1027 3421; x_wconf 84' lang='lat' dir='ltr'>esse</span> <span class='ocrx_word' id='word_1_265' title='bbox 1045 3374 1107 3423; x_wconf 80' lang='lat' dir='ltr'>add.</span> <span class='ocrx_word' id='word_1_266' title='bbox 1124 3384 1158 3432; x_wconf 68' lang='lat' dir='ltr'>v,</span> 
     </span>
     <span class='ocr_line' id='line_1_36' title="bbox 189 3434 1158 3502; baseline 0.004 -19"><span class='ocrx_word' id='word_1_267' title='bbox 189 3435 247 3486; x_wconf 82' lang='lat' dir='ltr'>edd.</span> <span class='ocrx_word' id='word_1_268' title='bbox 261 3434 271 3499; x_wconf 76' lang='grc' dir='ltr'>Ι</span> <span class='ocrx_word' id='word_1_269' title='bbox 284 3438 317 3488; x_wconf 84' lang='lat'>23</span> <span class='ocrx_word' id='word_1_270' title='bbox 334 3452 389 3488; x_wconf 86' lang='lat' dir='ltr'>non</span> <span class='ocrx_word' id='word_1_271' title='bbox 408 3435 480 3502; x_wconf 91' lang='lat' dir='ltr'>quod</span> <span class='ocrx_word' id='word_1_272' title='bbox 498 3438 676 3490; x_wconf 79' lang='lat' dir='ltr'>omnesBert.</span> <span class='ocrx_word' id='word_1_273' title='bbox 690 3435 747 3502; x_wconf 74' lang='grc'>1124</span> <span class='ocrx_word' id='word_1_274' title='bbox 763 3453 814 3489; x_wconf 83' lang='lat' dir='ltr'>uos</span> <span class='ocrx_word' id='word_1_275' title='bbox 824 3439 847 3488; x_wconf 72' lang='grc' dir='ltr'><strong>Α</strong></span> <span class='ocrx_word' id='word_1_276' title='bbox 858 3438 891 3487; x_wconf 79' lang='lat' dir='ltr'>W</span> <span class='ocrx_word' id='word_1_277' title='bbox 901 3438 993 3491; x_wconf 69' lang='lat' dir='ltr'>Bert:</span> <span class='ocrx_word' id='word_1_278' title='bbox 1012 3455 1059 3491; x_wconf 84' lang='lat' dir='ltr'>om.</span> <span class='ocrx_word' id='word_1_279' title='bbox 1073 3439 1158 3490; x_wconf 73' lang='grc' dir='ltr'>1οῗ</span> 
     </span>
     <span class='ocr_line' id='line_1_37' title="bbox 191 3498 1159 3572; baseline 0.006 -22"><span class='ocrx_word' id='word_1_280' title='bbox 191 3498 194 3566; x_wconf 93' lang='grc' dir='ltr'>Ι</span> <span class='ocrx_word' id='word_1_281' title='bbox 215 3507 257 3551; x_wconf 79' lang='lat' dir='ltr'>est</span> <span class='ocrx_word' id='word_1_282' title='bbox 274 3517 320 3553; x_wconf 88' lang='lat' dir='ltr'>om.</span> <span class='ocrx_word' id='word_1_283' title='bbox 338 3505 361 3552; x_wconf 80' lang='grc' dir='ltr'><strong>Δ</strong></span> <span class='ocrx_word' id='word_1_284' title='bbox 372 3505 392 3554; x_wconf 76' lang='lat' dir='ltr'>B</span> <span class='ocrx_word' id='word_1_285' title='bbox 405 3501 415 3568; x_wconf 88' lang='lat' dir='ltr'>i</span> <span class='ocrx_word' id='word_1_286' title='bbox 428 3504 461 3554; x_wconf 78' lang='lat'>25</span> <span class='ocrx_word' id='word_1_287' title='bbox 479 3505 625 3570; x_wconf 85' lang='lat' dir='ltr'>suspiciam</span> <span class='ocrx_word' id='word_1_288' title='bbox 640 3504 789 3556; x_wconf 72' lang='lat' dir='ltr'>Rhenanus:</span> <span class='ocrx_word' id='word_1_289' title='bbox 808 3506 957 3571; x_wconf 82' lang='lat' dir='ltr'>suscipiam</span> <span class='ocrx_word' id='word_1_290' title='bbox 974 3506 1002 3555; x_wconf 70' lang='grc' dir='ltr'><strong>Π</strong></span> <span class='ocrx_word' id='word_1_291' title='bbox 1014 3504 1024 3572; x_wconf 71' lang='lat' dir='ltr'>d</span> <span class='ocrx_word' id='word_1_292' title='bbox 1038 3508 1071 3560; x_wconf 75' lang='lat'>26</span> <span class='ocrx_word' id='word_1_293' title='bbox 1089 3510 1121 3558; x_wconf 83' lang='lat' dir='ltr'>ta</span> <span class='ocrx_word' id='word_1_294' title='bbox 1136 3508 1159 3556; x_wconf 74' lang='grc' dir='ltr'><strong>Δ</strong></span> 
     </span>
    </p>
   </div>
   <div class='ocr_carea' id='block_1_7' title="bbox 0 0 1204 3990">
    <p class='ocr_par' dir='ltr' id='par_1_7' title="bbox 0 0 1204 3990">
     <span class='ocr_line' id='line_1_38' title="bbox 0 0 1204 3990; baseline 0 0"><span class='ocrx_word' id='word_1_295' title='bbox 0 0 1204 3990; x_wconf 95' lang='lat' dir='ltr'> </span> 
     </span>
    </p>
   </div>
  </div>
 </body>
</html>
