2406 4012
136 197 176 259 16
456 196 478 244 1.
506 194 536 246 c.
555 196 671 248 aaran
689 195 767 246 aar.

132 346 418 430 dignationemque
452 346 620 426 mereatur,
659 365 700 407 ne
734 343 798 427 illc,
837 345 905 408 siue
945 345 1133 411 interfuso·

134 433 215 495 mari
237 452 294 494 seu
314 427 500 492 fluminibus
522 429 687 491 immensis
710 449 766 491 seu
794 429 968 516 praecipiti
996 435 1103 495 monte

135 515 328 597 defenditur,
352 513 461 576 omnia
480 511 559 575 haec
580 515 647 575 tam
669 533 771 595 prona
797 517 927 596 tamque
957 514 1103 580 cedentia

136 599 310 664 uirtutibus
332 598 396 660 tuis
420 597 538 660 sentiet
558 599 595 659 ut
615 596 795 660 subsedisse
809 602 946 681 montes,
970 598 1102 664 flumina

106 684 310 763 aexaruisse,
356 681 570 764 interceptum
608 702 695 743 marc
729 681 898 766 illatasque
936 683 1002 747 sibi
1041 705 1102 749 non

136 789 204 832 esse
227 767 342 831 classes
364 767 505 848 nostras,
527 765 582 828 sed
603 768 704 828 terras
726 765 812 847 ipsas
835 766 1019 831 arbitretur.

191 851 296 915 XVII.
312 849 432 914 Videor
446 850 509 913 iam
523 870 652 913 cernere
663 871 730 912 non
742 849 852 932 spoliis
863 852 1101 934 prouinciarum

136 941 169 1001 et
183 939 307 1001 extorto
323 936 418 999 sociis
434 957 522 1019 auro,
545 934 600 999 sed
622 933 791 997 hostilibus
807 935 903 999 armis
924 939 1101 1019 captorum-

135 1044 195 1105 que
224 1043 336 1106 regum
365 1020 486 1084 eatenis
513 1018 712 1102 triumphum
739 1039 887 1102 grauem:
921 1020 1035 1085 uideor
1056 1023 1101 1085 in-

96 1131 123 1170 10
137 1106 248 1190 gentia
270 1105 387 1168 ducum
408 1104 540 1167 nomina
567 1125 628 1167 neo
649 1103 800 1167 indecora
826 1104 1014 1168 nominibus
1038 1127 1100 1170 oor·
1130 1156 1134 1161 .

135 1210 216 1272 pora
236 1189 411 1253 noscitare:
439 1187 548 1251 uideor
570 1187 687 1251 intueri
709 1187 902 1255 immanibus
925 1190 1011 1252 ausis
1036 1191 1100 1253 bar·
1130 1212 1134 1219 ·

138 1276 285 1337 barorum
309 1274 424 1337 onusta
437 1271 558 1335 fercula
580 1276 612 1335 et
630 1293 687 1335 sua
703 1293 858 1355 quemque
879 1272 967 1336 facta
984 1273 1100 1338 uinctis
1136 1292 1139 1347 t

135 1357 283 1421 manibus
306 1359 505 1439 sequentem:
536 1378 612 1420 mor
633 1357 739 1438 ipsum
760 1358 794 1420 tc
816 1356 987 1421 sublimem
1011 1380 1101 1422 curru
1132 1354 1139 1421 l

136 1442 373 1524 instantemque
389 1440 579 1504 domitarum
595 1441 740 1524 gentium
754 1443 862 1524 tergo,
886 1443 961 1505 ante
977 1463 1101 1507 currum
1135 1444 1139 1523 ξ

97 1551 122 1591 a
136 1529 242 1590 autem
266 1526 385 1609 clipeos
408 1546 486 1608 quos
508 1526 577 1608 ipse
598 1524 785 1608 perfoderis.
831 1545 892 1588 nec
913 1525 975 1589 tibi
998 1527 1101 1610 opima
1137 1550 1139 1581 ι

136 1611 313 1693 defuerint,
348 1611 375 1674 si
403 1612 474 1694 quis
504 1631 618 1694 regum
646 1609 756 1672 uenire
783 1609 818 1672 in
846 1630 960 1673 manus
989 1612 1103 1676 audeat
1135 1600 1139 1643 ¹

135 1717 196 1760 neo
217 1696 312 1760 modo
333 1696 470 1759 telorum
492 1697 633 1772 tuorum,
663 1693 718 1756 sed
741 1692 903 1757 oculorum
925 1694 1026 1758 etiam
1047 1697 1103 1760 mi·
1137 1774 1139 1779 Ι

136 1801 311 1863 narumque
346 1780 527 1843 coniectum
559 1781 627 1842 toto
656 1798 768 1860 campo
800 1781 933 1862 totoque
961 1781 1102 1845 exercitu
1137 1802 1139 1811 ·

136 1864 281 1946 opposito
303 1863 533 1945 perhorrescat.
559 1862 704 1926 meruisti
718 1862 864 1945 proxima
885 1863 1102 1928 moderatione
1137 1942 1139 1953 Ι

95 1973 123 2011 ao
137 1950 183 2029 ut,
200 1946 461 2030 quandocumque
476 1949 508 2009 te
523 1946 575 2010 uel
586 1946 705 2010 inferre
721 1946 772 2009 uel
784 1947 972 2029 propulsare
985 1948 1103 2014 bellum

136 2031 278 2115 coegerit
298 2031 425 2113 imperii
448 2031 602 2115 dignitas,
633 2051 700 2094 non
726 2031 798 2094 ideo
826 2031 941 2095 uicisse
962 2032 1102 2098 uideatis

135 2119 171 2179 ut
192 2114 421 2198 triumpharem
445 2115 500 2180 sed
521 2115 720 2198 triumphare
742 2115 818 2198 quia
839 2115 965 2180 uiceris.

183 2198 305 2264 XVIII.
329 2200 427 2263 Aliud
439 2222 478 2264 ex
489 2200 552 2264 alio
563 2199 642 2265 mihi
654 2200 800 2264 occurrit.
815 2220 911 2282 quam
923 2202 1103 2284 speciosum

135 2289 185 2348 est
201 2285 287 2349 enim
299 2285 383 2370 quod
398 2285 600 2368 disciplinam
615 2287 792 2349 castrorum
802 2285 926 2367 lapsam
942 2291 972 2350 et
982 2287 1102 2351 extinc-

96 2395 122 2433 a
134 2372 202 2433 tam
225 2370 368 2434 refouisti
391 2371 523 2454 depulso
537 2370 651 2453 prioris
674 2369 791 2434 saeculi
812 2369 907 2453 malo,
931 2370 1050 2435 inertia
1072 2374 1103 2436 et

136 2457 335 2520 contumacia
355 2459 388 2519 et
404 2455 629 2541 dedignatione
643 2452 800 2537 parendi?
826 2458 933 2518 tutum
954 2457 1004 2518 est
1018 2477 1103 2520 reue

135 2539 287 2621 rentiam,
316 2543 423 2603 tutum
445 2540 610 2604 caritatem
632 2539 764 2620 mereri,
795 2559 856 2602 nec
878 2538 996 2602 ducum
1018 2540 1101 2624 quis·

137 2643 230 2701 quam
259 2626 315 2685 aut
341 2644 409 2685 non
436 2624 537 2686 amari
566 2645 585 2684 a
606 2622 760 2686 militibus
789 2626 844 2686 aut
871 2623 972 2687 amari
994 2625 1102 2707 timet3

135 2704 250 2768 exinde
289 2704 428 2770 offensae
460 2707 580 2789 pariter
618 2707 801 2790 gratiaeque
840 2707 943 2771 securi
979 2709 1105 2774 instant

239 2845 340 2852 .-......—.

206 2914 219 2958 l
238 2916 426 2974 promereatur
442 2912 463 2959 B
475 2909 485 2976 ΙΙ
498 2913 513 2960 2
532 2916 617 2963 morte
628 2912 644 2960 0
656 2909 667 2976 ΙΙ
679 2915 695 2962 3
708 2911 867 2962 defenditur
886 2927 916 2978 g:
937 2912 1107 2979 dependitur

135 2975 188 3041 1111
205 2980 221 3027 4
240 2979 344 3028 sentiet
362 2992 391 3043 ςε
415 2980 523 3028 ceusiet
540 2980 562 3027 V
579 2980 694 3029 transiet
711 2980 731 3028 B
751 2986 846 3030 censet
863 2980 896 3029 W
914 2983 931 3029 0
951 2988 1049 3034 cernet
1066 2985 1107 3035 uel

136 3046 207 3094 sciet
224 3044 385 3096 Schwarziua
400 3043 404 3110 Ι
420 3046 566 3097 subsidisse
585 3043 663 3112 11118
682 3047 806 3097 hostibus
824 3046 909 3114 01111
928 3049 1007 3100 ausis
1022 3076 1057 3086 -
1076 3054 1107 3102 1³

136 3113 263 3163 manibus
282 3130 328 3163 om.
346 3111 386 3178 011
401 3115 431 3162 12
449 3114 551 3165 iunctis
563 3116 629 3163 ΠΙ
641 3112 651 3180 ΙΙ
666 3117 696 3166 13
715 3130 797 3164 curru
815 3117 1023 3182 instantemque
1036 3119 1109 3170 Heu·

135 3197 240 3230 »nunnus
257 3182 346 3231 Poecil
363 3181 382 3229 Ι
385 3181 415 3230 Il
433 3183 482 3230 45.-
499 3182 701 3247 instantemque
721 3198 802 3233 curru
820 3185 848 3231 11
876 3182 887 3249 ΙΙ
917 3185 949 3234 16
967 3184 1109 3236 defuerint

135 3262 174 3295 m:
193 3247 337 3298 defuerunt
354 3244 580 3313 Elmanibuslt
611 3247 621 3315 ll
652 3252 682 3300 17
701 3265 751 3300 nec
769 3266 824 3302 non
842 3250 922 3302 modo
942 3252 1074 3304 Gesnerus
1094 3250 1106 3317 ΙΙ

136 3317 169 3364 20
192 3320 224 3364 ut
242 3315 403 3381 quandoque
428 3316 496 3365 GW
523 3315 534 3383 ΙΙ
563 3320 594 3367 21
618 3315 752 3384 uideatis]
776 3319 909 3369 iudicaris
932 3321 950 3367 0
978 3316 989 3384 [Ι
1021 3322 1056 3371 24
1079 3331 1109 3372 et

135 3383 240 3439 addida·
270 3399 315 3436 om.
338 3385 366 3431 Μ
387 3400 421 3434 ac
443 3387 504 3440 add.
529 3400 546 3451 ς
569 3387 773 3450 extinctumque
796 3400 814 3434 u
842 3384 853 3450 ΙΙ
882 3388 915 3436 27
943 3391 1036 3437 tutum
1066 3395 1109 3440 est

134 3448 283 3567 caritateqr
305 3452 339 3500 W
367 3450 377 3517 ΙΙ
407 3453 438 3502 29
462 3453 561 3504 exinde
583 3455 691 3518 scripsi:
717 3459 745 3503 et
767 3454 829 3504 inde
856 3456 883 3501 11
907 3452 912 3518 Ι
940 3455 1109 3522 gratiaeque

135 3529 195 3579 pan
210 3532 240 3567 er
277 3556 283 3568 .
