2406 4012
200 207 261 273 156
519 209 565 261 VI.
593 207 747 259 monim
764 207 845 259 PAN.

262 358 302 424 X.
337 357 400 424 Sed
420 358 565 442 profecto
588 357 695 441 exegit
716 355 779 420 hoc
800 356 873 441 ipsa
893 356 1036 421 uarietas
1058 360 1091 421 et
1108 374 1166 423 nri-'-

199 446 273 541 tura
297 446 463 541 fortunae,
492 442 543 538 cni
569 441 652 538 nihil
679 440 978 539 mutareulicuerat,
1006 440 1158 539 dumuuor

200 530 544 676 inciditis?
562 524 679 692 illl
695 528 1164 706 liitffiliffffliitt

175 696 234 758 sdi
259 694 455 759 immortales
483 695 619 778 probare
646 693 819 758 uoluerunt
844 694 904 758 tibi
931 694 1081 760 innixam
1105 698 1159 759 stc·

200 780 277 845 tisse
305 779 572 877 rempublicam,
602 800 675 876 cum
703 779 826 843 sinete
855 781 941 843 stare
963 799 1032 843 non
1052 780 1159 877 possa

201 863 1161 1030 1111111111111113211110111111

201 970 247 1118 lu,
270 996 473 1130 Maximiand,
497 1033 686 1130 decessores.
729 1031 809 1130 adeo
832 1032 899 1096 illic
920 1032 1096 1130 plurimum
1114 1030 1161 1097 ln·

164 1139 189 1178 ιο
202 1118 316 1182 buerat
338 1118 523 1182 stabrlrtetrs
545 1119 667 1180 asserta
688 1117 745 1180 ubr
766 1116 892 1180 deserta
912 1137 1055 1182 mammo
1075 1114 1161 1181 uacil-

202 1201 292 1265 lauit.
337 1223 404 1266 non
434 1200 527 1265 aliter
552 1201 638 1264 enim
660 1221 756 1284 quam
778 1200 858 1265 solet
879 1204 967 1265 terra
987 1202 1095 1266 uentis
1113 1200 1163 1265 aab

203 1286 294 1368 aquis
316 1288 425 1349 subter
439 1285 590 1349 immissis
610 1285 789 1349 interuulsa
804 1287 854 1350 sui
868 1284 1035 1351 soliditate
1049 1286 1164 1369 nutare,

204 1372 319 1432 cuncta
350 1368 446 1433 Italia
480 1372 576 1516 atpne
607 1371 679 1453 ipsa
709 1369 813 1433 Roma
849 1369 1006 1434 subducta
1040 1370 1163 1467 reponte

203 1475 266 1537 qua
304 1456 481 1518 sustentata
529 1456 620 1518 uerat
652 1454 784 1518 dextera
815 1459 871 1518 tua
909 1456 1105 1519 contremuit
1130 1472 1163 1519 ao

165 1559 190 1599 rs
203 1559 305 1687 paene
328 1538 481 1603 consedit.
512 1537 597 1622 quod
618 1559 678 1623 ego
702 1538 820 1602 cursim
835 1541 978 1603 transeo.
1008 1559 1067 1603 our
1087 1536 1163 1603 enim

227 1622 280 1687 elli
302 1623 504 1689 recordemur
527 1623 675 1705 aduersa,
705 1645 777 1687 cum
799 1623 965 1687 uideamus
987 1622 1097 1687 omnia
1115 1624 1165 1687 tuo

204 1709 309 1772 reditu
335 1708 505 1773 restituta?
549 1707 626 1772 fecit
655 1707 741 1772 enim
765 1706 866 1771 Roma
893 1708 964 1790 ipsa
991 1728 1053 1791 pro
1077 1706 1165 1773 maie

205 1796 287 1856 state
314 1793 454 1857 nominis
482 1793 531 1856 sui
558 1795 595 1856 ut
617 1791 800 1856 ostenderet
820 1812 915 1876 posse
937 1813 973 1856 se
996 1792 1096 1857 etiam
1113 1790 1165 1855 irn-

205 1877 405 1957 potatoribus
445 1877 612 1959 imperare.
639 1876 797 1940 abduxit
830 1877 989 1940 exercitus
1025 1896 1101 1941 suos
1131 1894 1165 1939 ao

71 2014 74 2019 .
167 1958 265 2021 actibi
287 1959 426 2022 reddidit
447 1962 493 2042 et,
518 1980 590 2023 cum
612 1960 653 2024 ad
675 1960 833 2026 sedandos
854 1960 981 2025 animos
1003 1960 1191 2047 ancariis-7

204 2045 270 2105 tem
292 2043 411 2125 priuati
430 2043 586 2126 principis
608 2044 778 2129 attulisses,
800 2045 960 2128 supplices
975 2044 1039 2110 tibi
1060 2062 1164 2111 manus

205 2125 340 2190 tendens
363 2126 415 2190 uel
436 2127 543 2210 potius
566 2129 766 2209 queribunda
788 2130 954 2194 clamauit:

268 2209 325 2275 XI.
349 2210 530 2296 ‘Quousque
548 2210 619 2295 hcc,
643 2213 851 2296 Maximiano,
874 2214 980 2297 patiar
1001 2234 1055 2277 me
1076 2210 1163 2307 quedt
1184 2252 1187 2257 -

204 2298 237 2361 te
259 2297 430 2381 quiescere,
452 2296 533 2361 mihi
553 2296 735 2362 libertatem
757 2298 864 2377 adimi,
887 2301 920 2362 te
941 2318 1098 2381 usurpare
1111 2294 1162 2361 un

166 2400 192 2441 as
205 2382 352 2447 illicitam
380 2381 589 2447 missionem?
633 2404 691 2465 an,
721 2383 806 2465 quod
828 2382 902 2447 diuo
924 2382 1075 2467 Augusto
1099 2378 1162 2467 post

206 2468 412 2551 septuaginta
434 2469 558 2549 aetatis,
582 2467 722 2616 quinqua
749 2468 816 2531 'nta
833 2466 960 2550 imperii
983 2486 1087 2531 annos
1106 2482 1160 2563 quii

205 2551 304 2633 licuit,
329 2555 395 2615 tam
418 2552 482 2615 cito
498 2551 589 2615 licuit
602 2552 663 2615 tibi
708 2552 720 2615 i
743 2572 822 2616 eone
841 2555 873 2616 te
895 2550 977 2616 mihi
997 2551 1054 2615 ille
1085 2564 1159 2615 curu

205 2638 255 2696 tot
277 2656 364 2715 aras,
387 2639 438 2696 tot
451 2634 586 2716 templa,
608 2639 659 2699 tot
679 2637 812 2701 nomina
834 2635 920 2719 colo,
944 2601 1101 2701 Heroides
1118 2630 1158 2695 do

207 2715 255 2777 dit
276 2721 313 2780 ut
333 2719 369 2779 tu
392 2717 426 2778 in
449 2717 630 2780 suburbano
652 2720 725 2784 otiis
747 2723 780 2785 te
795 2719 914 2784 dedens
935 2740 1031 2785 usum
1051 2716 1157 2784 diam

168 2816 194 2855 ao
207 2797 287 2861 mihi
309 2799 437 2863 uirtutis
460 2799 646 2864 amitteres?
672 2804 767 2868 redde
789 2808 822 2869 te
844 2803 1073 2889 gubernaculis
1092 2798 1156 2867 meir

277 2988 370 3052 lipsa
388 3005 433 3039 om.
446 2990 479 3036 W
502 2987 512 3054 11
536 2991 552 3040 8
570 2990 642 3041 unde
659 2997 689 3041 tu
709 3004 744 3041 w:
763 2992 834 3043 unde
851 2997 883 3043 ut
901 2998 933 3043 tu
950 2995 978 3042 Ι
1002 2991 1012 3059 l
1036 2991 1154 3045 coneo

208 3070 286 3106 seras
304 3058 338 3114 11,
356 3060 465 3107 correxi
478 3057 483 3122 Ι
498 3053 569 3124 illic]
588 3058 633 3109 hic
646 3061 679 3107 W
691 3057 701 3125 ΙΙ
716 3062 747 3110 12
765 3067 870 3110 mutare
885 3062 908 3109 A
920 3058 931 3127 11
945 3063 976 3112 13
995 3065 1093 3111 cuncte
1107 3064 1154 3121 ιμ’

206 3124 247 3175 ita
265 3127 365 3174 cuncta
377 3125 404 3173 1
422 3141 456 3175 ex
473 3127 578 3188 dittopr.
596 3143 621 3176 u.
638 3142 692 3192 seq.
705 3125 715 3192 fl
729 3129 761 3177 14
779 3132 937 3179 sustentata
955 3142 993 3177 w:
1013 3114 1153 3179 menna!

209 3188 221 3258 ll
242 3194 274 3243 15
294 3208 343 3243 cur
360 3192 432 3241 enirn
446 3193 567 3242 Bcvw:
588 3195 660 3244 enim
680 3211 728 3244 cur
740 3196 762 3242 A
774 3192 784 3260 11
798 3198 830 3247 16
847 3196 911 3247 belli
928 3198 1038 3260 scripti:
1055 3188 1130 3246 uel!
1141 3178 1154 3249 ll

208 3262 239 3311 19
259 3260 394 3312 abductus
412 3261 445 3307 W
465 3257 469 3324 Ι
493 3258 644 3328 exercitus]
663 3268 805 3314 exarcatus
823 3265 846 3312 A
864 3271 889 3313 et
905 3265 939 3312 W
955 3278 1011 3313 cum
1026 3264 1097 3328 clam
1111 3267 1153 3309 Μ·

206 3332 332 3392 raptelae.
354 3344 388 3378 an
405 3326 521 3377 adduxit
538 3334 645 3380 exteros
664 3331 819 3380 exercitus?
831 3328 842 3395 l
855 3333 887 3379 22
904 3345 958 3395 que
975 3324 1130 3381 tribuudad
1142 3314 1152 3385 11

207 3397 240 3444 24
258 3396 343 3445 adimi
361 3392 400 3460 te]
422 3395 540 3445 adimere
555 3410 580 3445 w
593 3395 648 3462 1125
668 3395 715 3463 au]
734 3402 783 3447 aut
794 3400 828 3447 W
840 3396 850 3463 11
862 3400 895 3448 26
913 3412 1003 3449 annos
1020 3412 1076 3449 uon
1089 3386 1155 3469 111111

206 3461 229 3508 A
241 3462 275 3509 W
286 3462 378 3513 Bere:
396 3477 451 3511 non
469 3462 549 3512 licuit
566 3479 653 3516 annos
665 3466 686 3515 11
698 3468 715 3514 c
727 3466 749 3513 v
761 3461 771 3529 ΙΙ
784 3465 817 3514 28
829 3464 951 3516 herculis
962 3465 1025 3517 AW
1036 3463 1047 3532 1
1057 3465 1090 3517 29
1105 3462 1156 3511 02¹⁸

207 3531 236 3576 te
254 3527 354 3580 dedens
372 3530 479 3593 scripsi:
497 3531 566 3581 ociis
584 3533 685 3584 sedens
701 3533 728 3581 1
747 3532 850 3583 otiosus
869 3531 968 3585 sedens
986 3534 1046 3585 edd.
