2406 4012
136 227 200 294 268
480 229 531 279 xi.
557 227 769 280 mansuum

137 378 355 463 amplissime!
404 398 475 440 sum
501 375 596 459 plane
629 380 662 440 et
689 376 800 441 consul
832 379 866 440 et
892 376 1093 461 amplissimus

138 462 259 528 consul.
282 463 351 547 quis
367 462 453 525 enim
468 482 519 524 me
533 460 597 524 fuit
612 459 749 544 amplior
765 460 887 542 consul,
902 482 996 543 quem
1010 458 1091 525 subli-

137 551 205 611 mat
227 550 259 610 et
274 547 413 609 illustrat
436 545 621 608 consulatus
643 565 738 628 quem
752 544 915 624 tribuistis
930 544 1094 628 amplitudo

137 653 232 715 quam
253 630 376 697 tribuis.
414 632 488 713 post
508 629 632 713 primae
655 628 859 694 salutationis
881 629 990 693 fausta
1010 628 1092 693 collo
1117 704 1121 711 Ι

111 716 227 799 aquia,
258 714 333 798 quid
358 735 416 797 pro
445 714 512 777 iure
541 713 703 777 consulari
730 734 827 798 agere
854 713 951 777 nobis
972 713 1093 811 placeat,

137 799 329 883 sciscitatur,
353 798 548 862 senatorium
570 796 760 881 impleturus
782 797 937 881 officium,
960 819 990 861 s1
1009 796 1096 861 libeat

136 883 280 947 tribunal
307 885 431 967 petere,
465 882 492 945 si
524 881 710 946 concionem
741 881 913 965 aduocata,
949 883 978 944 si
1005 883 1097 945 rostra

137 967 361 1032 conscendere.
391 968 447 1030 sed
461 988 521 1030 nos
544 965 585 1029 ad
600 966 721 1029 curiam
744 964 913 1029 sollemnia
936 964 1097 1029 dieihuius

137 1053 416 1117 senatusconsulta
438 1050 605 1114 ducebant.
638 1050 745 1134 itaque
769 1049 920 1114 comitem
943 1071 979 1114 se
999 1048 1098 1113 statim

98 1154 123 1193 ²⁰
136 1132 1100 1303 1111111111ῖὲ11111111111111

136 1303 202 1367 suis
226 1308 258 1367 et
303 1269 397 1367 enerd
421 1306 453 1365 et
476 1303 581 1366 colore
603 1301 748 1367 uestitus.

200 1386 230 1450 X
294 1436 301 1450 .
357 1385 558 1469 Superfluum
586 1385 670 1450 forte
697 1385 846 1450 uideatur
874 1408 958 1470 quae
985 1388 1103 1451 uosmet

135 1471 199 1555 ipsi
219 1471 346 1534 uidistis
368 1469 485 1534 iterare
512 1470 629 1554 (neque
652 1472 738 1535 enim
760 1470 891 1534 auribus
914 1472 1106 1554 expetuntur
1136 1550 1139 1555 Ι

97 1571 123 1612 1⁵
137 1575 218 1637 quae
251 1556 374 1619 fuerint
406 1558 562 1638 usurpata
594 1555 802 1637 luminibus),
840 1553 896 1618 sed
923 1552 1104 1618 mandenda
1139 1561 1144 1603 ἑ

136 1643 211 1704 sunt
238 1640 371 1722 litteris,
408 1639 579 1704 inserenda
611 1639 844 1721 monumentis,
881 1638 1043 1703 mittenda
1071 1635 1105 1701 in
1139 1638 1144 1685 l

136 1727 279 1808 posteros
312 1724 457 1787 uenturis
494 1723 628 1820 saeculis
663 1723 717 1786 uix
751 1721 910 1787 credenda
941 1721 1104 1820 miracpla

135 1808 665 1974 111111111111111111
680 1807 1108 1956 ldlullutdtbt
1141 1886 1144 1931 τ

97 1992 124 2032 ao
136 1974 315 2058 rationique
331 1975 479 2040 cedentes
497 1976 595 2039 sedile
610 1975 690 2040 illud
705 1975 874 2060 dignitatis
889 1975 1106 2059 amplissimas

135 2079 371 2140 recusaremus,
416 2059 481 2122 suis
518 2080 617 2143 prope
658 2080 717 2124 nos
753 2060 902 2123 manibus
938 2059 1106 2143 impositus

135 2141 255 2206 mixtus
278 2164 297 2206 a
353 2143 400 2205 ini
421 2145 604 2226 togatorum
621 2144 752 2290 praeire
773 2143 870 2228 pedes
895 2144 1014 2227 coepit,
1037 2162 1107 2228 gra

136 2226 212 2291 dum
239 2248 292 2291 mo
315 2248 407 2290 crans
429 2249 530 2311 paene
560 2226 600 2302 ad
635 2228 746 2294 icteris
775 2231 890 2292 nutum
919 2230 954 2290 et
976 2226 1106 2291 uictoris

135 2311 315 2460 imdperium.
357 2311 465 2376 credet
485 2311 546 2375 hoc
567 2312 682 2395 aliquis
705 2313 760 2396 qui
781 2311 838 2375 illa
858 2314 1106 2395 purpuratorum

96 2413 122 2452 ²⁵
135 2399 168 2458 ui
191 2397 218 2460 it
238 2396 335 2480 paulo
357 2399 433 2460 ante
454 2396 611 2460 fastidia?
633 2397 687 2480 qui
709 2396 781 2461 ideo
802 2399 932 2459 tantum
953 2396 1107 2461 honorem

134 2480 169 2544 in
206 2502 278 2545 suos
316 2503 357 2545 ne
394 2480 569 2547 inhonoros
606 2483 849 2545 contemnerent
886 2479 1104 2545 conferebant

136 2564 245 2627 credet
259 2566 374 2647 aliquis
385 2567 477 2630 tanto
490 2569 565 2648 post
578 2568 719 2629 ueterem
734 2565 824 2628 illam
835 2565 1018 2648 priscorum
1029 2568 1106 2628 tem·

133 2667 250 2728 porum
265 2649 446 2711 libertatem
466 2650 513 2711 rei
528 2649 675 2731 publicae
696 2647 879 2713 redditam?
901 2648 1107 2746 nequeenim

135 2749 194 2813 ego
216 2730 306 2793 Lucii
328 2729 422 2793 Bruti
445 2735 478 2794 et
498 2731 606 2796 Publii
626 2732 764 2813 Ualerii,
788 2733 843 2816 qui
864 2733 963 2816 prim1
986 2730 1106 2797 exactis

96 2811 1108 2985 1111111111111111111111111

236 3055 254 3060 .-
262 3054 337 3061 ·—-..-

203 3142 215 3186 1
235 3141 264 3187 et
281 3138 304 3185 Δ
322 3139 410 3191 Besa:
428 3156 475 3190 om.
493 3142 514 3189 B
532 3142 550 3189 c
570 3142 591 3188 v
608 3140 641 3188 W
669 3138 680 3204 11
709 3141 912 3193 6111110111111
929 3141 949 3189 B
969 3141 1003 3189 V:
1025 3154 1113 3190 scus·

133 3212 222 3256 torum
240 3206 263 3253 Δ
281 3206 298 3252 (1
315 3208 349 3253 W
378 3205 388 3270 ΙΙ
418 3209 434 3256 8
456 3208 536 3257 huius
559 3207 652 3257 dieic
681 3204 693 3272 ΙΙ
722 3210 754 3259 10
777 3208 937 3259 consulibus
955 3208 986 3259 P.
1005 3208 1105 3258 Faber:

134 3272 293 3323 consulatus
311 3274 339 3320 1
368 3271 378 3337 ΙΙ
409 3274 440 3322 12
465 3279 493 3324 et
515 3288 612 3338 genere
631 3275 653 3322 Δ
670 3273 760 3325 Bere:
787 3292 833 3326 om.
854 3276 875 3323 B
893 3278 911 3324 0
927 3277 951 3324 V
970 3277 1003 3325 W
1032 3274 1044 3341 fl
1075 3276 1107 3325 14

133 3340 228 3390 iterari
248 3339 323 3392 Bert.
347 3338 357 3403 ΙΙ
383 3342 414 3389 15
433 3340 546 3390 fuerunt
562 3343 688 3406 Jaepemca
717 3340 726 3407 ΙΙ
756 3346 787 3392 21
806 3344 933 3393 manibus
950 3359 1039 3409 propo
1056 3356 1108 3393 noa

136 3405 207 3457 Bere.
238 3405 248 3469 ll
278 3410 310 3456 22
333 3406 422 3471 coepit
445 3407 525 3470 pedes
548 3410 565 3457 (1
596 3407 606 3473 ΙΙ
635 3410 669 3459 25
691 3409 806 3459 fastidia
827 3410 851 3458 A
873 3409 965 3460 Bere:
990 3411 1108 3474 fastigia

132 3471 193 3587 {aa
206 3473 278 3585 VAW
298 3470 308 3536 ΙΙ
330 3476 362 3523 211
380 3471 528 3526 inhonoros
548 3489 575 3541 ςε
595 3477 623 3525 in
642 3476 758 3527 honores
775 3478 803 3523 H
824 3475 834 3541 fl
858 3477 966 3527 2911111
985 3486 1011 3527 ct
1029 3478 1108 3543 publi

197 3553 219 3586 n
