2406 4012
278 118 491 171 cauriacum
508 119 616 172 acrio
634 120 797 172 rumano.
818 126 892 173 r-e.
1004 122 1066 186 251

92 268 270 335 sublimem
305 288 371 331 non
408 290 466 351 per
503 269 741 352 cuiusquemodi
779 291 872 354 agros
904 272 1068 336 frumenta

94 353 324 439 spargentem,
352 352 407 416 sed
429 352 583 416 Romanis
606 353 731 438 oppidis
755 355 855 418 bonas
877 377 950 440 spes
972 356 1068 421 liber-

94 442 202 503 tatem
227 436 357 500 diuitias
386 437 596 520 diuidentem,
624 442 693 501 tum
721 460 759 502 ex
785 447 876 522 parte
904 442 1005 504 altera
1032 442 1067 505 in

93 521 304 587 barbaricum
336 521 438 585 solum
469 526 623 585 terrorem
656 522 806 587 bellicum
839 525 1066 607 trepidationes

94 610 195 693 fugas
220 605 431 690 [formidines]
456 606 680 670 obserentem?
1079 629 1092 670 5

162 689 222 754 IX.
273 688 341 753 Iam
369 690 463 773 quale
491 690 569 753 illud
598 690 660 754 fuit
687 691 769 774 quod
791 691 937 756 Histrum
965 693 1067 758 adhuc

95 775 261 859 nauigans
284 774 440 838 beneficia
461 777 516 838 tua
544 796 643 858 usque
670 775 708 840 ad
731 775 902 859 Hadriam,
930 776 1066 861 Tyrrhe·

95 880 194 941 num,
222 857 431 922 Mareoticum
453 859 666 943 porrigebas?
709 860 763 923 illo
785 860 856 942 ipso
880 861 965 923 enim
987 866 1066 924 tem-

120 965 176 1008 ore
211 942 309 1006 leuati
343 965 495 1026 equorum
527 943 639 1026 pretiis
674 945 855 1007 enormibus
887 944 1064 1027 Dalmatae,

95 968 254 1113 Epirotae
276 1027 316 1090 ad
338 1028 454 1091 incitas
476 1028 670 1091 intolerandi
685 1029 799 1091 tributi
819 1029 904 1092 mole
926 1029 1066 1112 depressi
1079 1052 1104 1089 ro

96 1111 312 1197 prouidentia,
335 1112 518 1194 imperator,
542 1115 598 1175 tua
619 1135 684 1176 non
699 1112 792 1176 modo
814 1113 959 1177 miserias
975 1136 1066 1178 exue·

95 1200 192 1278 runt,
221 1195 277 1260 sed
298 1197 436 1279 amplam
465 1197 561 1260 etiam
586 1200 679 1280 atque
702 1197 886 1280 opulentam
914 1197 1065 1263 reduxere

95 1284 270 1345 fortunam.
308 1281 385 1344 urbs
406 1280 587 1364 Nicopolis,
610 1303 706 1364 quarn
728 1281 820 1346 diuus
842 1284 1009 1367 Augustus
1031 1285 1066 1347 in

95 1367 343 1430 monumentum
365 1365 517 1428 Actiacae
539 1365 693 1431 uictoriae
716 1366 862 1449 trophaei
889 1369 991 1431 instar
1013 1389 1066 1430 ex-

94 1452 256 1529 truxerat,
285 1449 320 1513 in
341 1449 449 1512 ruinas
471 1449 683 1513 lacrimabiles
705 1472 806 1532 prope
829 1454 898 1513 tota
921 1451 1065 1514 concide·
1080 1471 1104 1511 15

95 1538 167 1599 rat:
199 1533 324 1599 lacerae
345 1533 501 1597 nobilium
523 1534 648 1612 domus,
676 1535 745 1596 sine
767 1535 860 1597 tectis
882 1535 966 1617 fora,
990 1535 1066 1598 iam-

95 1618 218 1683 dudum
246 1639 397 1702 aquarum
420 1618 567 1681 ductibus
593 1618 807 1700 pessumdatis
829 1618 926 1700 plena
951 1622 1067 1683 cuncta

96 1702 255 1787 squaloris
283 1706 330 1788 ¹et
364 1702 515 1786 pulueris
566 1705 728 1766 certamen
763 1702 921 1766 ludicrum
957 1703 1066 1766 lustris

96 1787 248 1851 omnibus
282 1786 411 1851 solitum
438 1787 635 1870 frequentari
668 1787 884 1851 intermiserat
912 1788 1065 1870 temporis

95 1871 214 1936 maesti
229 1871 369 1935 deforme
384 1871 550 1935 iustitium.
579 1873 667 1956 ipsae
686 1871 760 1935 illae
776 1872 932 1936 bonarum
948 1874 1065 1937 artium
1080 1894 1104 1932 eo

96 1956 274 2041 magistrae
308 1959 340 2019 et
372 1955 566 2020 inuentrices
599 1955 749 2020 Athenae
785 1978 912 2021 omnem
945 1958 1065 2022 cultum

96 2040 227 2125 publice
262 2040 476 2123 priuatimque
517 2040 730 2122 perdiderant.
782 2042 817 2104 in
852 2042 1066 2105 miserandam

96 2125 226 2189 ruinam
259 2124 442 2188 conciderat
474 2123 635 2188 Eleusina.
684 2127 737 2188 sed
772 2125 936 2187 uniuersas
972 2128 1065 2188 urbes

96 2230 159 2293 ope
186 2209 387 2291 imperatoris
419 2209 539 2272 refotas
568 2230 753 2272 enumerare
781 2209 972 2291 perlongum
1000 2214 1064 2272 est:

86 2294 180 2359 scire
206 2293 284 2357 satis
313 2297 362 2358 est
390 2300 522 2356 cunctas
550 2291 773 2374 Macedoniae,
808 2291 944 2375 Illyrici,
975 2291 1064 2356 Pelo·
1079 2311 1104 2351 25

96 2378 228 2462 ponessi
263 2377 409 2441 ciuitates
446 2376 517 2440 unis
551 2379 607 2440 aut
639 2376 724 2440 binis
758 2375 902 2457 epistulis
936 2377 1066 2440 maximi

96 2462 301 2546 imperatoris
333 2462 534 2546 repentinam
564 2460 705 2524 induisse
737 2460 865 2523 nouatis
898 2463 1065 2525 moenibus

96 2546 308 2628 iuuentatem,
332 2568 430 2630 aquas
450 2546 528 2610 locis
552 2547 699 2609 omnibus
721 2548 853 2627 scatere,
877 2567 957 2628 quae
972 2545 1066 2629 paulo

96 2634 174 2695 ante
204 2631 292 2695 arida
324 2634 357 2694 et
384 2630 437 2694 siti
466 2629 652 2695 anhelantia
682 2631 884 2712 uisebantur,
915 2653 953 2695 ea
980 2654 1066 2696 nunc

168 2838 181 2885 l
204 2835 340 2886 sublimen
358 2838 390 2884 W
410 2832 414 2897 Ι
436 2835 619 2885 cuiuscemodi
637 2838 659 2884 Δ
677 2837 697 2885 Β
715 2838 737 2884 V
752 2836 827 2886 Bere.
846 2835 977 2884 eiusmodi
994 2838 1012 2883 0
1030 2850 1066 2896 ως

96 2920 167 2958 corr.
184 2904 394 2968 Eyssenhardtue
422 2901 432 2967 ΙΙ
462 2906 478 2952 4
501 2902 588 2953 solum
606 2916 651 2965 wa,
672 2902 754 2952 solem
772 2904 800 2949 Η
828 2899 838 2965 ΙΙ
868 2904 883 2950 5
906 2901 1067 2952 formidines

95 2974 192 3021 reclusi
216 2969 226 3035 ΙΙ
256 2970 495 3034 'lthyrreniumB
525 2967 536 3035 ΙΙ
564 2971 580 3019 8
600 2970 778 3021 mareoticum
796 2983 825 3017 u:
844 2968 1022 3017 mercoticum
1040 2971 1068 3016 Η

96 3038 173 3089 Bert.
191 3035 360 3103 (meroticum
379 3038 415 3102 m)
434 3038 615 3087 meceoticum
634 3051 659 3085 w
691 3035 695 3099 Ι
727 3035 775 3086 ἰΙΙο
794 3038 855 3100 ipso
874 3050 934 3101 epo:
960 3035 1021 3099 ipso
1040 3038 1068 3083 Ι

97 3122 131 3157 co
154 3106 214 3170 ipso
237 3111 278 3157 uel
299 3107 358 3171 ipso
380 3120 402 3159 e.
420 3104 468 3154 illo
487 3107 613 3169 Jueperus
642 3102 652 3168 ΙΙ
683 3107 714 3153 12
738 3104 871 3154 reduxere
891 3104 1001 3167 scripsi:
1027 3118 1068 3152 re·

95 3186 198 3223 uexere
216 3176 244 3221 Π
261 3190 390 3239 reperere
408 3187 433 3222 w
454 3170 464 3236 fl
487 3175 521 3222 20
539 3172 700 3222 iustiticium
716 3172 740 3220 A
761 3170 772 3236 ΙΙ
795 3173 828 3221 23
847 3170 983 3221 ceciderat
1001 3170 1034 3218 W
1053 3167 1065 3235 ΙΙ

96 3244 131 3290 24
149 3256 231 3306 opere
251 3245 279 3290 Π
308 3240 318 3306 ΙΙ
347 3244 380 3291 25
398 3240 572 3304 pelcponessi
589 3239 634 3291 W:
656 3239 832 3304 peloponessi
850 3241 872 3287 Δ
890 3236 1068 3302 peloponnesi

96 3309 194 3357 ΒΗ
224 3307 235 3374 ΙΙ
263 3312 297 3359 26
320 3310 382 3359 unis
405 3312 453 3357 aut
477 3307 550 3357 binis
574 3304 638 3373 (aeq.
662 3322 715 3357 ros.
739 3305 831 3369 dliii.)
850 3306 895 3354 W:
926 3306 974 3355 uni
996 3320 1068 3355 sam-

96 3376 249 3492 gilgstv?
267 3378 290 3425 V
308 3377 356 3427 uni
375 3377 436 3427 unis
456 3379 504 3425 aut
522 3375 595 3426 binis
615 3374 747 3426 sambinis
765 3376 783 3423 G
807 3370 817 3438 ΙΙ
846 3375 879 3424 28
898 3373 1068 3426 iuuentutem
