2406 4012
134 202 199 266 254
476 202 523 253 xr.
552 201 765 256 naussum

134 356 337 437 prouocatae,
360 375 426 417 non
447 353 602 415 uirtutum
623 350 834 415 admiratione
856 352 1040 417 deuinctae.
1066 354 1094 417 et

134 459 212 502 uero
240 441 349 501 noster
384 437 516 501 affectus
543 435 612 499 ueri
647 435 787 519 certique
814 435 926 500 iudicii
955 440 1006 501 est
1031 436 1094 501 imis

134 522 251 586 mentis
274 521 401 585 sedibus
422 520 567 604 illigatus
591 520 746 603 [animus]
775 524 808 584 et
829 522 917 585 uitae
939 520 1095 585 immixtus

135 611 168 670 et
195 607 320 687 unitus,
358 604 507 668 resolutis
540 603 638 667 etiam
671 613 775 669 morte
810 605 1001 688 corporibus
1033 626 1096 668 cun
1133 648 1141 700 4

109 689 308 754 simmortali
334 692 443 752 mente
470 688 624 751 uicturus.
669 710 759 752 arma
785 691 888 774 igitur
916 693 949 754 et
974 690 1096 753 iuuenes
1137 702 1141 737 ι·

136 796 207 839 cum
229 773 345 858 gladiis
368 777 464 858 atque
484 770 558 855 pilis
580 793 647 835 non
669 774 832 838 custodiae
855 775 999 857 eorporis
1022 776 1100 855 sunt,
1136 748 1141 833 i

135 858 190 922 sed
205 857 335 942 quidam
349 858 572 941 imperatoriae
589 857 765 921 maiestatis
780 859 946 923 sollemnis
962 860 1097 921 ornatus

135 941 211 1026 quid
233 943 319 1007 enim
343 942 414 1007 istis
442 963 520 1025 opus
542 944 606 1023 est,
637 962 709 1004 cum
729 942 914 1006 firmissimo
941 942 988 1007 sis
1014 960 1100 1005 muro

136 1026 230 1092 ciuici
252 1028 368 1091 amoris
391 1024 584 1109 obsaeptus‘?
608 1047 650 1088 an
672 1026 845 1090 metuenda
858 1026 920 1090 tibi
941 1027 1033 1091 curia
1047 1028 1100 1108 eet,

98 1132 123 1170 ιο
136 1133 208 1176 cum
234 1111 360 1176 senatui
386 1134 454 1176 non
475 1110 577 1175 solum
599 1113 741 1173 ueterem
767 1110 944 1175 reddideris
968 1110 1100 1195 dignita

134 1199 216 1278 tem,
251 1196 306 1259 sed
334 1197 507 1279 plurimum
535 1194 633 1257 etiam
661 1194 739 1258 noui
765 1193 898 1258 honoris
927 1192 1102 1259 adieceris?

135 1300 176 1342 an
203 1279 339 1361 populus
375 1283 425 1342 est
451 1278 614 1342 timendus
647 1279 847 1361 procuratori
879 1279 1103 1343 alimentorum

135 1382 281 1443 suorum,
305 1362 389 1426 uitae
411 1361 546 1444 uindici,
569 1363 728 1427 libertatis
751 1363 895 1428 auctori?
929 1360 1104 1446 namquid

136 1446 175 1509 de
201 1446 357 1510 militibus
384 1447 522 1530 loquar?
568 1447 630 1511 duo
657 1469 699 1510 an
719 1448 783 1511 tria
804 1447 908 1512 ferme
936 1467 978 1511 ex
999 1450 1104 1511 uetere

98 1550 123 1591 15
135 1531 290 1595 memoria
317 1531 491 1595 amicorum
512 1532 604 1615 paria
625 1531 841 1614 proferuntur.
886 1551 973 1615 nego
1000 1552 1107 1628 quem·

134 1615 222 1699 piam
250 1617 290 1680 ab
313 1637 378 1679 uno
407 1616 509 1679 amico
537 1615 609 1698 plus
631 1615 783 1679 dilectum
806 1637 903 1699 quam
924 1618 980 1699 tu,
1009 1636 1108 1764 i'rppe

134 1703 234 1783 rator,
258 1721 325 1764 non
346 1700 441 1763 modo
464 1722 483 1762 a
506 1699 674 1763 comitibus
697 1705 726 1765 ct
745 1700 885 1764 tribunis
906 1700 989 1783 bris,
1088 1721 1107 1763 o

134 1783 318 1881 legionibus
342 1784 481 1865 cunctis,
505 1784 664 1866 equitibus
687 1805 725 1848 ac
745 1784 922 1869 peditibus,
945 1784 1106 1869 gregariis

136 1871 231 1932 etiam
253 1869 409 1933 militibus
432 1868 587 1952 diligaris.
621 1868 739 1951 itaque,
761 1868 845 1953 quod
868 1868 908 1932 ad
922 1872 956 1932 te
980 1868 1107 1951 attinet,

97 1971 123 2011 ro
138 1955 253 2014 cuncta
268 1953 331 2014 iam
347 1974 365 2014 a
380 1953 523 2015 custodia
534 1953 582 2015 tui
597 1973 685 2016 arma
699 1974 892 2037 remoueres3
909 1954 966 2017 sed
978 1952 1107 2037 quando

134 2035 195 2097 hoc
216 2038 308 2118 potes
329 2036 520 2117 persuadere
545 2036 727 2101 militibus?
769 2038 866 2101 anxia
893 2041 943 2101 est
965 2036 1106 2102 fidelium

135 2118 313 2203 diligentia.
361 2121 501 2184 marimo
533 2122 636 2184 amori
667 2121 824 2185 maximus
851 2122 949 2186 timor
979 2123 1107 2186 iunctus

134 2207 193 2269 est.
237 2224 304 2267 non
330 2204 423 2270 nobis
451 2204 572 2268 sufficit
596 2205 680 2288 quod
702 2206 869 2270 obtinuisti
898 2209 935 2270 ut
956 2228 1054 2271 nemo
1074 2208 1107 2271 te

134 2289 213 2353 uelit
235 2288 375 2374 laedere,
397 2289 461 2354 nisi
482 2311 542 2353 nos
566 2310 711 2353 curamus
733 2293 770 2354 ut
791 2311 884 2355 nemo
907 2292 1023 2374 possit.

95 2390 121 2431 ²⁵
198 2372 300 2439 XXV.
323 2374 516 2440 Habuerunt
537 2373 683 2437 nonnulli
705 2374 759 2438 alii
773 2375 937 2458 principes
958 2374 1105 2439 deuotam

134 2462 167 2522 et
193 2463 354 2523 amantem
382 2460 432 2524 sui
460 2458 638 2541 cohortem,
668 2458 723 2521 sed
746 2460 809 2523 alio
835 2458 975 2542 quodam
997 2458 1105 2541 modo;

133 2542 272 2626 primum
292 2544 376 2626 quod
394 2544 534 2627 imperiti
558 2563 594 2606 ac
613 2542 706 2606 rudes
728 2543 986 2608 indoctissimum
1000 2565 1105 2627 quem·

135 2647 195 2708 que
214 2627 249 2688 in
265 2628 433 2691 consilium
449 2628 651 2710 delegebent,
675 2627 798 2692 scilicet
817 2631 854 2692 ut
870 2629 1018 2711 ipsorum
1033 2648 1104 2712 pru·

134 2708 244 2770 dentis
266 2710 364 2793 uulgo
380 2732 508 2774 suorum
532 2711 734 2793 aliquatenus
752 2712 918 2776 emineret.
952 2713 1012 2795 ita,
1034 2733 1104 2776 cum

94 2810 120 2849 so
134 2790 308 2854 uilissimus
331 2793 464 2876 quisque
479 2793 639 2857 honorum
663 2799 695 2859 et
713 2795 898 2860 diuitiarum
912 2797 1038 2879 potitus
1058 2795 1103 2860 fo

133 2877 197 2957 ret,
220 2896 276 2938 sua
299 2877 465 2942 commoda
487 2880 520 2941 et
540 2878 620 2942 uitia
642 2880 822 2964 principum
845 2879 1037 2965 diligebant.
1064 2878 1104 2942 ab

202 3046 343 3100 ldeniete
361 3050 394 3097 W
422 3049 432 3115 ΙΙ
461 3050 627 3116 colligatus
646 3053 663 3098 0
683 3047 688 3111 Ι
708 3053 815 3102 animus
833 3054 882 3102 del.
903 3054 1045 3102 Acidulius.
1072 3066 1105 3101 aa

132 3117 259 3167 animae?
275 3115 280 3180 Ι
298 3120 380 3168 etiam
400 3120 456 3170 uite
475 3133 501 3169 w
524 3117 534 3184 ΙΙ
558 3120 574 3167 9
593 3117 697 3168 carad
719 3116 730 3182 ΙΙ
755 3120 787 3169 10
805 3124 905 3170 senatu
922 3121 945 3168 Δ
969 3118 980 3183 ΙΙ
1006 3121 1038 3169 14
1056 3122 1104 3168 aut

133 3186 190 3234 edd.
209 3182 219 3247 ΙΙ
242 3187 273 3235 16
291 3187 326 3235 ab
345 3185 401 3236 ullo
419 3183 572 3249 Liuineius!
588 3181 679 3252 quam]
699 3186 770 3247 qnod
788 3200 812 3235 w
830 3184 841 3251 ΙΙ
863 3188 895 3237 17
912 3194 941 3238 et
958 3188 1105 3237 Puteanus:

132 3267 179 3303 om.
198 3253 225 3299 Π
247 3250 257 3317 ΙΙ
277 3255 311 3303 20
329 3255 479 3304 remoueris
496 3255 518 3302 Δ
536 3254 570 3301 W
586 3252 596 3318 ΙΙ
617 3255 650 3302 24
669 3266 793 3303 curemus
811 3251 863 3318 wll
884 3256 916 3304 27
934 3254 1106 3319 imperitiae

133 3319 213 3369 rudes
232 3322 306 3371 edd:
325 3321 462 3384 imperitia
480 3320 548 3384 (-cia
566 3321 599 3385 A)
618 3319 717 3371 crudes
734 3320 758 3368 A
774 3322 797 3368 V
815 3322 956 3385 imperitia
974 3322 1044 3384 (·cia
1061 3320 1105 3381 W)

132 3386 214 3436 rudes
232 3388 294 3435 ow
312 3388 459 3453 imperitia,
478 3405 523 3439 om.
543 3388 633 3448 rudes,
650 3389 670 3436 B
685 3385 756 3503 ΨΒ
774 3387 941 3453 delegabant
954 3390 977 3437 Δ
994 3386 1106 3454 delige

132 3451 404 3568 dert.ddegpbantv
427 3452 437 3518 ΙΙ
467 3457 499 3506 29
518 3456 667 3506 suorumA
711 3463 774 3505 ert:
799 3470 849 3506 suo
868 3455 888 3503 B
906 3457 924 3521 tl
943 3457 964 3503 V
983 3456 1016 3504 W
1038 3454 1050 3520 ΙΙ
1074 3457 1106 3505 31

133 3533 209 3568 corno
231 3535 257 3568 ra
