<?xml version="1.0" encoding="UTF-8"?>
<!DOCTYPE html PUBLIC "-//W3C//DTD XHTML 1.0 Transitional//EN"
    "http://www.w3.org/TR/xhtml1/DTD/xhtml1-transitional.dtd">
<html xmlns="http://www.w3.org/1999/xhtml" xml:lang="en" lang="en">
 <head>
  <title>
</title>
<meta http-equiv="Content-Type" content="text/html;charset=utf-8" />
  <meta name='ocr-system' content='tesseract 3.04.00' />
  <meta name='ocr-capabilities' content='ocr_page ocr_carea ocr_par ocr_line ocrx_word'/>
</head>
<body>
  <div class='ocr_page' id='page_1' title='image "./xiipanegyricila01baehgoog_0276.png"; bbox 0 0 2394 3990; ppageno 0'>
   <div class='ocr_carea' id='block_1_1' title="bbox 244 194 1042 269">
    <p class='ocr_par' dir='ltr' id='par_1_1' title="bbox 244 194 1042 269">
     <span class='ocr_line' id='line_1_1' title="bbox 244 194 1042 269; baseline 0.019 -24"><span class='ocrx_word' id='word_1_1' title='bbox 244 194 502 251; x_wconf 83' lang='lat' dir='ltr'>CONSTANTINO</span> <span class='ocrx_word' id='word_1_2' title='bbox 522 199 693 253; x_wconf 78' lang='lat' dir='ltr'>AUGUSTO</span> <span class='ocrx_word' id='word_1_3' title='bbox 711 202 744 251; x_wconf 90' lang='lat' dir='ltr'>D.</span> <span class='ocrx_word' id='word_1_4' title='bbox 765 204 874 255; x_wconf 86' lang='grc'><strong>36-38.</strong></span> <span class='ocrx_word' id='word_1_5' title='bbox 978 205 1042 269; x_wconf 81' lang='grc'>243</span> 
     </span>
    </p>
   </div>
   <div class='ocr_carea' id='block_1_2' title="bbox 66 345 1078 2886">
    <p class='ocr_par' dir='ltr' id='par_1_2' title="bbox 69 345 1066 1005">
     <span class='ocr_line' id='line_1_2' title="bbox 71 345 1041 434; baseline 0.007 -23"><span class='ocrx_word' id='word_1_6' title='bbox 71 347 226 431; x_wconf 86' lang='lat' dir='ltr'>plectitur</span> <span class='ocrx_word' id='word_1_7' title='bbox 245 345 392 411; x_wconf 86' lang='lat' dir='ltr'>Romana</span> <span class='ocrx_word' id='word_1_8' title='bbox 418 346 577 413; x_wconf 82' lang='lat' dir='ltr'>felicitas?</span> <span class='ocrx_word' id='word_1_9' title='bbox 617 370 698 434; x_wconf 89' lang='lat' dir='ltr'>quae</span> <span class='ocrx_word' id='word_1_10' title='bbox 720 350 759 414; x_wconf 92' lang='lat' dir='ltr'>de</span> <span class='ocrx_word' id='word_1_11' title='bbox 781 353 813 414; x_wconf 90' lang='lat' dir='ltr'>te</span> <span class='ocrx_word' id='word_1_12' title='bbox 834 354 962 417; x_wconf 89' lang='lat' dir='ltr'>tantum</span> <span class='ocrx_word' id='word_1_13' title='bbox 990 377 1041 419; x_wconf 84' lang='lat' dir='ltr'>ex·</span> 
     </span>
     <span class='ocr_line' id='line_1_3' title="bbox 71 433 1040 516; baseline 0.008 -21"><span class='ocrx_word' id='word_1_14' title='bbox 71 435 181 515; x_wconf 88' lang='lat' dir='ltr'>pectat</span> <span class='ocrx_word' id='word_1_15' title='bbox 212 434 367 514; x_wconf 87' lang='lat' dir='ltr'>quantum</span> <span class='ocrx_word' id='word_1_16' title='bbox 399 433 529 497; x_wconf 92' lang='lat' dir='ltr'>nomine</span> <span class='ocrx_word' id='word_1_17' title='bbox 561 434 733 516; x_wconf 90' lang='lat' dir='ltr'>polliceris.</span> <span class='ocrx_word' id='word_1_18' title='bbox 779 440 811 500; x_wconf 90' lang='lat' dir='ltr'>et</span> <span class='ocrx_word' id='word_1_19' title='bbox 845 435 921 499; x_wconf 89' lang='lat' dir='ltr'>licet</span> <span class='ocrx_word' id='word_1_20' title='bbox 953 442 1040 503; x_wconf 87' lang='lat' dir='ltr'>aetas</span> 
     </span>
     <span class='ocr_line' id='line_1_4' title="bbox 72 516 1040 606; baseline 0.007 -25"><span class='ocrx_word' id='word_1_21' title='bbox 72 516 177 581; x_wconf 89' lang='lat' dir='ltr'>adhuc</span> <span class='ocrx_word' id='word_1_22' title='bbox 196 519 229 579; x_wconf 88' lang='lat' dir='ltr'>ta</span> <span class='ocrx_word' id='word_1_23' title='bbox 251 519 365 581; x_wconf 89' lang='lat' dir='ltr'>auocet</span> <span class='ocrx_word' id='word_1_24' title='bbox 386 516 427 580; x_wconf 88' lang='lat' dir='ltr'>ab</span> <span class='ocrx_word' id='word_1_25' title='bbox 442 516 623 582; x_wconf 83' lang='lat' dir='ltr'>imitatione</span> <span class='ocrx_word' id='word_1_26' title='bbox 645 519 774 583; x_wconf 88' lang='lat' dir='ltr'>uirtutis</span> <span class='ocrx_word' id='word_1_27' title='bbox 789 523 954 606; x_wconf 86' lang='lat' dir='ltr'>paternae,</span> <span class='ocrx_word' id='word_1_28' title='bbox 976 523 1040 588; x_wconf 90' lang='lat' dir='ltr'>iam</span> 
     </span>
     <span class='ocr_line' id='line_1_5' title="bbox 70 600 1040 684; baseline 0.004 -17"><span class='ocrx_word' id='word_1_29' title='bbox 70 605 182 667; x_wconf 87' lang='lat' dir='ltr'>tamen</span> <span class='ocrx_word' id='word_1_30' title='bbox 205 600 246 664; x_wconf 90' lang='lat' dir='ltr'>ad</span> <span class='ocrx_word' id='word_1_31' title='bbox 268 601 420 684; x_wconf 87' lang='lat' dir='ltr'>pietatem</span> <span class='ocrx_word' id='word_1_32' title='bbox 448 603 515 666; x_wconf 92' lang='lat' dir='ltr'>eius</span> <span class='ocrx_word' id='word_1_33' title='bbox 537 606 652 667; x_wconf 90' lang='lat' dir='ltr'>natura</span> <span class='ocrx_word' id='word_1_34' title='bbox 674 603 816 669; x_wconf 75' lang='lat' dir='ltr'>deducit:</span> <span class='ocrx_word' id='word_1_35' title='bbox 853 606 917 669; x_wconf 89' lang='lat' dir='ltr'>iam</span> <span class='ocrx_word' id='word_1_36' title='bbox 938 611 1040 671; x_wconf 89' lang='lat' dir='ltr'>matu·</span> 
     </span>
     <span class='ocr_line' id='line_1_6' title="bbox 70 685 1066 770; baseline 0.005 -20"><span class='ocrx_word' id='word_1_37' title='bbox 70 691 141 751; x_wconf 90' lang='lat' dir='ltr'>rato</span> <span class='ocrx_word' id='word_1_38' title='bbox 157 685 264 750; x_wconf 90' lang='lat' dir='ltr'>studio</span> <span class='ocrx_word' id='word_1_39' title='bbox 278 686 395 749; x_wconf 89' lang='lat' dir='ltr'>litteris</span> <span class='ocrx_word' id='word_1_40' title='bbox 410 685 538 770; x_wconf 90' lang='lat' dir='ltr'>habilis,</span> <span class='ocrx_word' id='word_1_41' title='bbox 560 688 624 751; x_wconf 89' lang='lat' dir='ltr'>iam</span> <span class='ocrx_word' id='word_1_42' title='bbox 639 688 717 752; x_wconf 87' lang='lat' dir='ltr'>felix</span> <span class='ocrx_word' id='word_1_43' title='bbox 733 689 863 754; x_wconf 85' lang='lat' dir='ltr'>dextera</span> <span class='ocrx_word' id='word_1_44' title='bbox 877 691 1040 757; x_wconf 90' lang='lat' dir='ltr'>fructuosa</span> <span class='ocrx_word' id='word_1_45' title='bbox 1053 716 1066 755; x_wconf 79' lang='lat' dir='ltr'>a</span> 
     </span>
     <span class='ocr_line' id='line_1_7' title="bbox 70 771 1040 860; baseline 0.005 -25"><span class='ocrx_word' id='word_1_46' title='bbox 70 771 304 853; x_wconf 77' lang='lat' dir='ltr'>subscriptione</span> <span class='ocrx_word' id='word_1_47' title='bbox 326 771 476 835; x_wconf 87' lang='lat' dir='ltr'>laetatur.</span> <span class='ocrx_word' id='word_1_48' title='bbox 524 772 653 856; x_wconf 89' lang='lat' dir='ltr'>delegat</span> <span class='ocrx_word' id='word_1_49' title='bbox 674 774 776 837; x_wconf 89' lang='lat' dir='ltr'>multa</span> <span class='ocrx_word' id='word_1_50' title='bbox 798 774 1040 860; x_wconf 88' lang='lat' dir='ltr'>indulgentissi-</span> 
     </span>
     <span class='ocr_line' id='line_1_8' title="bbox 69 858 1040 945; baseline 0.006 -26"><span class='ocrx_word' id='word_1_51' title='bbox 69 878 140 921; x_wconf 89' lang='lat' dir='ltr'>mus</span> <span class='ocrx_word' id='word_1_52' title='bbox 162 877 280 939; x_wconf 90' lang='lat' dir='ltr'>parens</span> <span class='ocrx_word' id='word_1_53' title='bbox 309 858 341 919; x_wconf 91' lang='lat' dir='ltr'>et</span> <span class='ocrx_word' id='word_1_54' title='bbox 363 876 443 938; x_wconf 87' lang='lat' dir='ltr'>quac</span> <span class='ocrx_word' id='word_1_55' title='bbox 465 864 575 939; x_wconf 89' lang='lat' dir='ltr'>perte</span> <span class='ocrx_word' id='word_1_56' title='bbox 598 858 744 920; x_wconf 88' lang='lat' dir='ltr'>concedit</span> <span class='ocrx_word' id='word_1_57' title='bbox 766 859 876 922; x_wconf 88' lang='lat' dir='ltr'>referri</span> <span class='ocrx_word' id='word_1_58' title='bbox 906 861 946 923; x_wconf 91' lang='lat' dir='ltr'>ad</span> <span class='ocrx_word' id='word_1_59' title='bbox 967 883 1040 945; x_wconf 86' lang='lat' dir='ltr'>gra-</span> 
     </span>
     <span class='ocr_line' id='line_1_9' title="bbox 69 941 415 1005; baseline -0.003 0"><span class='ocrx_word' id='word_1_60' title='bbox 69 942 148 1005; x_wconf 88' lang='lat' dir='ltr'>tiam</span> <span class='ocrx_word' id='word_1_61' title='bbox 171 946 260 1004; x_wconf 90' lang='lat' dir='ltr'>tuam</span> <span class='ocrx_word' id='word_1_62' title='bbox 282 941 415 1004; x_wconf 89' lang='lat' dir='ltr'>mauult.</span> 
     </span>
    </p>

    <p class='ocr_par' dir='ltr' id='par_1_3' title="bbox 66 1023 1078 2886">
     <span class='ocr_line' id='line_1_10' title="bbox 133 1023 1038 1108; baseline 0.003 -19"><span class='ocrx_word' id='word_1_63' title='bbox 133 1023 318 1089; x_wconf 89' lang='lat' dir='ltr'>XXXVIII.</span> <span class='ocrx_word' id='word_1_64' title='bbox 348 1024 431 1099; x_wconf 80' lang='lat' dir='ltr'>Quid</span> <span class='ocrx_word' id='word_1_65' title='bbox 446 1025 546 1108; x_wconf 84' lang='lat' dir='ltr'>igitur</span> <span class='ocrx_word' id='word_1_66' title='bbox 566 1024 617 1089; x_wconf 91' lang='lat' dir='ltr'>his</span> <span class='ocrx_word' id='word_1_67' title='bbox 631 1026 827 1108; x_wconf 76' lang='lat' dir='ltr'>temporibus</span> <span class='ocrx_word' id='word_1_68' title='bbox 842 1025 1038 1092; x_wconf 79' lang='lat' dir='ltr'>fortunatius</span> 
     </span>
     <span class='ocr_line' id='line_1_11' title="bbox 70 1109 1078 1195; baseline -0.001 -20"><span class='ocrx_word' id='word_1_69' title='bbox 70 1111 179 1175; x_wconf 87' lang='lat' dir='ltr'>euenit</span> <span class='ocrx_word' id='word_1_70' title='bbox 192 1109 348 1173; x_wconf 90' lang='lat' dir='ltr'>beneficio</span> <span class='ocrx_word' id='word_1_71' title='bbox 365 1109 571 1174; x_wconf 72' lang='lat' dir='ltr'>Constantini</span> <span class='ocrx_word' id='word_1_72' title='bbox 588 1110 729 1193; x_wconf 83' lang='lat' dir='ltr'>maximi,</span> <span class='ocrx_word' id='word_1_73' title='bbox 752 1111 807 1195; x_wconf 89' lang='lat' dir='ltr'>qui</span> <span class='ocrx_word' id='word_1_74' title='bbox 826 1114 892 1174; x_wconf 90' lang='lat' dir='ltr'>tam</span> <span class='ocrx_word' id='word_1_75' title='bbox 914 1116 1038 1177; x_wconf 90' lang='lat' dir='ltr'>mature</span> <span class='ocrx_word' id='word_1_76' title='bbox 1053 1138 1078 1175; x_wconf 74' lang='grc' dir='ltr'>ιο</span> 
     </span>
     <span class='ocr_line' id='line_1_12' title="bbox 69 1193 1039 1261; baseline 0.002 -2"><span class='ocrx_word' id='word_1_77' title='bbox 69 1196 162 1259; x_wconf 90' lang='lat' dir='ltr'>nobis</span> <span class='ocrx_word' id='word_1_78' title='bbox 180 1194 332 1259; x_wconf 89' lang='lat' dir='ltr'>Caesares</span> <span class='ocrx_word' id='word_1_79' title='bbox 348 1193 436 1258; x_wconf 87' lang='lat' dir='ltr'>dedit</span> <span class='ocrx_word' id='word_1_80' title='bbox 458 1198 494 1257; x_wconf 92' lang='lat' dir='ltr'>ut</span> <span class='ocrx_word' id='word_1_81' title='bbox 508 1198 635 1258; x_wconf 90' lang='lat' dir='ltr'>utamur</span> <span class='ocrx_word' id='word_1_82' title='bbox 657 1196 805 1259; x_wconf 86' lang='lat' dir='ltr'>maximis</span> <span class='ocrx_word' id='word_1_83' title='bbox 822 1217 932 1260; x_wconf 89' lang='lat' dir='ltr'>eorum</span> <span class='ocrx_word' id='word_1_84' title='bbox 956 1218 1039 1261; x_wconf 92' lang='lat' dir='ltr'>com-</span> 
     </span>
     <span class='ocr_line' id='line_1_13' title="bbox 68 1279 1040 1362; baseline 0.002 -18"><span class='ocrx_word' id='word_1_85' title='bbox 68 1281 172 1344; x_wconf 89' lang='lat' dir='ltr'>modis</span> <span class='ocrx_word' id='word_1_86' title='bbox 201 1283 234 1343; x_wconf 89' lang='lat' dir='ltr'>et</span> <span class='ocrx_word' id='word_1_87' title='bbox 259 1280 385 1362; x_wconf 89' lang='lat' dir='ltr'>integra</span> <span class='ocrx_word' id='word_1_88' title='bbox 420 1283 506 1343; x_wconf 91' lang='lat' dir='ltr'>aetas</span> <span class='ocrx_word' id='word_1_89' title='bbox 534 1279 693 1362; x_wconf 83' lang='lat' dir='ltr'>supersit?</span> <span class='ocrx_word' id='word_1_90' title='bbox 739 1280 821 1344; x_wconf 92' lang='lat' dir='ltr'>nihil</span> <span class='ocrx_word' id='word_1_91' title='bbox 849 1281 1040 1346; x_wconf 89' lang='lat' dir='ltr'>inminuitur</span> 
     </span>
     <span class='ocr_line' id='line_1_14' title="bbox 70 1364 1038 1450; baseline 0.002 -22"><span class='ocrx_word' id='word_1_92' title='bbox 70 1369 103 1429; x_wconf 91' lang='lat' dir='ltr'>et</span> <span class='ocrx_word' id='word_1_93' title='bbox 122 1365 296 1449; x_wconf 91' lang='lat' dir='ltr'>plurimum</span> <span class='ocrx_word' id='word_1_94' title='bbox 319 1364 463 1446; x_wconf 87' lang='lat' dir='ltr'>sumitur,</span> <span class='ocrx_word' id='word_1_95' title='bbox 485 1367 531 1446; x_wconf 89' lang='lat' dir='ltr'>ut,</span> <span class='ocrx_word' id='word_1_96' title='bbox 558 1386 629 1428; x_wconf 92' lang='lat' dir='ltr'>cum</span> <span class='ocrx_word' id='word_1_97' title='bbox 651 1387 701 1428; x_wconf 91' lang='lat' dir='ltr'>res</span> <span class='ocrx_word' id='word_1_98' title='bbox 723 1365 858 1449; x_wconf 85' lang='lat' dir='ltr'>largiter</span> <span class='ocrx_word' id='word_1_99' title='bbox 880 1370 1038 1450; x_wconf 88' lang='lat' dir='ltr'>suppetat,</span> 
     </span>
     <span class='ocr_line' id='line_1_15' title="bbox 70 1448 1039 1534; baseline -0.001 -20"><span class='ocrx_word' id='word_1_100' title='bbox 70 1471 142 1533; x_wconf 90' lang='lat' dir='ltr'>spes</span> <span class='ocrx_word' id='word_1_101' title='bbox 164 1453 275 1512; x_wconf 88' lang='lat' dir='ltr'>tamen</span> <span class='ocrx_word' id='word_1_102' title='bbox 297 1448 422 1511; x_wconf 89' lang='lat' dir='ltr'>illibata</span> <span class='ocrx_word' id='word_1_103' title='bbox 443 1453 641 1530; x_wconf 86' lang='lat' dir='ltr'>permaneat.</span> <span class='ocrx_word' id='word_1_104' title='bbox 688 1449 914 1532; x_wconf 88' lang='lat' dir='ltr'>quinquenniis</span> <span class='ocrx_word' id='word_1_105' title='bbox 940 1452 1039 1534; x_wconf 90' lang='lat' dir='ltr'>igitur</span> 
     </span>
     <span class='ocr_line' id='line_1_16' title="bbox 68 1531 1078 1615; baseline 0 -18"><span class='ocrx_word' id='word_1_106' title='bbox 68 1533 206 1598; x_wconf 82' lang='lat' dir='ltr'>feliciter</span> <span class='ocrx_word' id='word_1_107' title='bbox 235 1531 412 1615; x_wconf 86' lang='lat' dir='ltr'>inchoatis,</span> <span class='ocrx_word' id='word_1_108' title='bbox 443 1532 598 1596; x_wconf 90' lang='lat' dir='ltr'>decennia</span> <span class='ocrx_word' id='word_1_109' title='bbox 627 1533 798 1598; x_wconf 81' lang='lat' dir='ltr'>Caesarum</span> <span class='ocrx_word' id='word_1_110' title='bbox 826 1533 1038 1597; x_wconf 90' lang='lat' dir='ltr'>nobilissimo·</span> <span class='ocrx_word' id='word_1_111' title='bbox 1053 1555 1078 1597; x_wconf 82' lang='lat'>15</span> 
     </span>
     <span class='ocr_line' id='line_1_17' title="bbox 68 1617 1039 1700; baseline 0.001 -18"><span class='ocrx_word' id='word_1_112' title='bbox 68 1640 140 1682; x_wconf 91' lang='lat' dir='ltr'>rum</span> <span class='ocrx_word' id='word_1_113' title='bbox 160 1619 246 1681; x_wconf 88' lang='lat' dir='ltr'>ultra</span> <span class='ocrx_word' id='word_1_114' title='bbox 259 1620 402 1700; x_wconf 89' lang='lat' dir='ltr'>posteros</span> <span class='ocrx_word' id='word_1_115' title='bbox 423 1620 549 1680; x_wconf 91' lang='lat' dir='ltr'>nostros</span> <span class='ocrx_word' id='word_1_116' title='bbox 569 1617 770 1679; x_wconf 87' lang='lat' dir='ltr'>extendenda</span> <span class='ocrx_word' id='word_1_117' title='bbox 785 1638 880 1699; x_wconf 91' lang='lat' dir='ltr'>quam</span> <span class='ocrx_word' id='word_1_118' title='bbox 895 1617 1039 1699; x_wconf 90' lang='lat' dir='ltr'>impense</span> 
     </span>
     <span class='ocr_line' id='line_1_18' title="bbox 68 1700 1039 1799; baseline -0.001 -33"><span class='ocrx_word' id='word_1_119' title='bbox 68 1724 158 1766; x_wconf 89' lang='lat' dir='ltr'>orare</span> <span class='ocrx_word' id='word_1_120' title='bbox 179 1705 212 1766; x_wconf 93' lang='lat' dir='ltr'>et</span> <span class='ocrx_word' id='word_1_121' title='bbox 231 1723 344 1799; x_wconf 89' lang='lat' dir='ltr'>rogare</span> <span class='ocrx_word' id='word_1_122' title='bbox 365 1723 423 1765; x_wconf 92' lang='lat' dir='ltr'>nos</span> <span class='ocrx_word' id='word_1_123' title='bbox 445 1700 629 1782; x_wconf 90' lang='lat' dir='ltr'>conueniat,</span> <span class='ocrx_word' id='word_1_124' title='bbox 652 1701 730 1783; x_wconf 80' lang='lat' dir='ltr'>ipris</span> <span class='ocrx_word' id='word_1_125' title='bbox 745 1701 839 1763; x_wconf 88' lang='lat' dir='ltr'>bonis</span> <span class='ocrx_word' id='word_1_126' title='bbox 860 1703 1039 1784; x_wconf 90' lang='lat' dir='ltr'>temporum</span> 
     </span>
     <span class='ocr_line' id='line_1_19' title="bbox 69 1785 1037 1869; baseline -0.002 -18"><span class='ocrx_word' id='word_1_127' title='bbox 69 1790 102 1851; x_wconf 88' lang='lat' dir='ltr'>et</span> <span class='ocrx_word' id='word_1_128' title='bbox 122 1788 169 1851; x_wconf 91' lang='lat' dir='ltr'>rei</span> <span class='ocrx_word' id='word_1_129' title='bbox 191 1786 338 1869; x_wconf 90' lang='lat' dir='ltr'>pubhcae</span> <span class='ocrx_word' id='word_1_130' title='bbox 359 1785 553 1849; x_wconf 90' lang='lat' dir='ltr'>utilitatibus</span> <span class='ocrx_word' id='word_1_131' title='bbox 576 1785 792 1849; x_wconf 87' lang='lat' dir='ltr'>admonemur.</span> <span class='ocrx_word' id='word_1_132' title='bbox 831 1785 915 1848; x_wconf 88' lang='lat' dir='ltr'>iacet</span> <span class='ocrx_word' id='word_1_133' title='bbox 936 1787 969 1849; x_wconf 94' lang='lat' dir='ltr'>in</span> <span class='ocrx_word' id='word_1_134' title='bbox 992 1786 1037 1849; x_wconf 91' lang='lat' dir='ltr'>la-</span> 
     </span>
     <span class='ocr_line' id='line_1_20' title="bbox 66 1869 1038 1955; baseline 0 -20"><span class='ocrx_word' id='word_1_135' title='bbox 66 1874 136 1935; x_wconf 90' lang='lat' dir='ltr'>tere</span> <span class='ocrx_word' id='word_1_136' title='bbox 157 1870 334 1935; x_wconf 81' lang='lat' dir='ltr'>Galliarum</span> <span class='ocrx_word' id='word_1_137' title='bbox 355 1873 392 1933; x_wconf 89' lang='lat' dir='ltr'>ut</span> <span class='ocrx_word' id='word_1_138' title='bbox 414 1871 448 1933; x_wconf 93' lang='lat' dir='ltr'>in</span> <span class='ocrx_word' id='word_1_139' title='bbox 471 1870 544 1932; x_wconf 91' lang='lat' dir='ltr'>sinu</span> <span class='ocrx_word' id='word_1_140' title='bbox 566 1872 621 1932; x_wconf 91' lang='lat' dir='ltr'>tuo</span> <span class='ocrx_word' id='word_1_141' title='bbox 644 1870 716 1933; x_wconf 90' lang='lat' dir='ltr'>fusa</span> <span class='ocrx_word' id='word_1_142' title='bbox 738 1870 899 1955; x_wconf 69' lang='lat' dir='ltr'>barbaria,</span> <span class='ocrx_word' id='word_1_143' title='bbox 923 1869 1038 1935; x_wconf 87' lang='lat' dir='ltr'>Persae</span> 
     </span>
     <span class='ocr_line' id='line_1_21' title="bbox 66 1954 1077 2040; baseline -0.004 -20"><span class='ocrx_word' id='word_1_144' title='bbox 66 1956 146 2040; x_wconf 91' lang='lat' dir='ltr'>ipsi,</span> <span class='ocrx_word' id='word_1_145' title='bbox 175 1959 289 2038; x_wconf 89' lang='lat' dir='ltr'>potens</span> <span class='ocrx_word' id='word_1_146' title='bbox 311 1955 399 2018; x_wconf 91' lang='lat' dir='ltr'>natio</span> <span class='ocrx_word' id='word_1_147' title='bbox 427 1957 460 2017; x_wconf 91' lang='lat' dir='ltr'>et</span> <span class='ocrx_word' id='word_1_148' title='bbox 480 1958 553 2037; x_wconf 88' lang='lat' dir='ltr'>post</span> <span class='ocrx_word' id='word_1_149' title='bbox 575 1954 754 2019; x_wconf 84' lang='lat' dir='ltr'>Romanam</span> <span class='ocrx_word' id='word_1_150' title='bbox 780 1956 1038 2040; x_wconf 85' lang='lat' dir='ltr'>magnitudinem</span> <span class='ocrx_word' id='word_1_151' title='bbox 1051 1978 1077 2016; x_wconf 75' lang='lat' dir='ltr'>so</span> 
     </span>
     <span class='ocr_line' id='line_1_22' title="bbox 67 2039 1037 2121; baseline 0 -17"><span class='ocrx_word' id='word_1_152' title='bbox 67 2040 221 2105; x_wconf 88' lang='lat' dir='ltr'>interris</span> <span class='ocrx_word' id='word_1_153' title='bbox 243 2039 392 2121; x_wconf 90' lang='lat' dir='ltr'>secunda,</span> <span class='ocrx_word' id='word_1_154' title='bbox 419 2039 592 2102; x_wconf 88' lang='lat' dir='ltr'>amicitiam</span> <span class='ocrx_word' id='word_1_155' title='bbox 614 2043 712 2119; x_wconf 91' lang='lat' dir='ltr'>tuam,</span> <span class='ocrx_word' id='word_1_156' title='bbox 738 2039 949 2106; x_wconf 81' lang='lat' dir='ltr'>Constantine</span> <span class='ocrx_word' id='word_1_157' title='bbox 972 2064 1037 2104; x_wconf 92' lang='lat' dir='ltr'>ma-</span> 
     </span>
     <span class='ocr_line' id='line_1_23' title="bbox 67 2123 1037 2208; baseline 0.001 -21"><span class='ocrx_word' id='word_1_158' title='bbox 67 2126 163 2203; x_wconf 85' lang='lat' dir='ltr'>xime,</span> <span class='ocrx_word' id='word_1_159' title='bbox 187 2146 252 2188; x_wconf 94' lang='lat' dir='ltr'>non</span> <span class='ocrx_word' id='word_1_160' title='bbox 274 2124 380 2187; x_wconf 90' lang='lat' dir='ltr'>minus</span> <span class='ocrx_word' id='word_1_161' title='bbox 395 2123 519 2205; x_wconf 89' lang='lat' dir='ltr'>trepide</span> <span class='ocrx_word' id='word_1_162' title='bbox 534 2147 629 2208; x_wconf 90' lang='lat' dir='ltr'>quam</span> <span class='ocrx_word' id='word_1_163' title='bbox 648 2125 829 2188; x_wconf 79' lang='lat' dir='ltr'>amabiliter</span> <span class='ocrx_word' id='word_1_164' title='bbox 843 2126 1037 2207; x_wconf 88' lang='lat' dir='ltr'>petiuerunt.</span> 
     </span>
     <span class='ocr_line' id='line_1_24' title="bbox 67 2209 1037 2290; baseline -0.002 -17"><span class='ocrx_word' id='word_1_165' title='bbox 67 2210 160 2273; x_wconf 93' lang='lat' dir='ltr'>nulla</span> <span class='ocrx_word' id='word_1_166' title='bbox 183 2210 217 2272; x_wconf 93' lang='lat' dir='ltr'>in</span> <span class='ocrx_word' id='word_1_167' title='bbox 237 2209 332 2273; x_wconf 84' lang='lat' dir='ltr'>terris</span> <span class='ocrx_word' id='word_1_168' title='bbox 354 2212 421 2271; x_wconf 90' lang='lat' dir='ltr'>tam</span> <span class='ocrx_word' id='word_1_169' title='bbox 438 2210 528 2271; x_wconf 89' lang='lat' dir='ltr'>ferox</span> <span class='ocrx_word' id='word_1_170' title='bbox 550 2209 639 2272; x_wconf 89' lang='lat' dir='ltr'>natio</span> <span class='ocrx_word' id='word_1_171' title='bbox 662 2212 711 2271; x_wconf 91' lang='lat' dir='ltr'>est</span> <span class='ocrx_word' id='word_1_172' title='bbox 733 2229 813 2290; x_wconf 89' lang='lat' dir='ltr'>quae</span> <span class='ocrx_word' id='word_1_173' title='bbox 832 2211 865 2270; x_wconf 87' lang='lat' dir='ltr'>te</span> <span class='ocrx_word' id='word_1_174' title='bbox 887 2229 953 2271; x_wconf 92' lang='lat' dir='ltr'>non</span> <span class='ocrx_word' id='word_1_175' title='bbox 974 2229 1037 2271; x_wconf 92' lang='lat' dir='ltr'>me·</span> 
     </span>
     <span class='ocr_line' id='line_1_25' title="bbox 67 2292 1036 2377; baseline -0.003 -20"><span class='ocrx_word' id='word_1_176' title='bbox 67 2298 139 2358; x_wconf 89' lang='lat' dir='ltr'>tuat</span> <span class='ocrx_word' id='word_1_177' title='bbox 161 2297 216 2357; x_wconf 89' lang='lat' dir='ltr'>aut</span> <span class='ocrx_word' id='word_1_178' title='bbox 234 2293 358 2377; x_wconf 90' lang='lat' dir='ltr'>diligat.</span> <span class='ocrx_word' id='word_1_179' title='bbox 386 2292 495 2356; x_wconf 91' lang='lat' dir='ltr'>omnia</span> <span class='ocrx_word' id='word_1_180' title='bbox 516 2293 594 2355; x_wconf 88' lang='lat' dir='ltr'>foris</span> <span class='ocrx_word' id='word_1_181' title='bbox 608 2292 744 2374; x_wconf 89' lang='lat' dir='ltr'>placida,</span> <span class='ocrx_word' id='word_1_182' title='bbox 768 2292 853 2353; x_wconf 88' lang='lat' dir='ltr'>domi</span> <span class='ocrx_word' id='word_1_183' title='bbox 867 2312 1036 2376; x_wconf 80' lang='lat' dir='ltr'>prospera3</span> 
     </span>
     <span class='ocr_line' id='line_1_26' title="bbox 68 2376 1077 2459; baseline -0.009 -16"><span class='ocrx_word' id='word_1_184' title='bbox 68 2400 216 2443; x_wconf 86' lang='lat' dir='ltr'>annonae</span> <span class='ocrx_word' id='word_1_185' title='bbox 238 2379 375 2459; x_wconf 89' lang='lat' dir='ltr'>ubertas,</span> <span class='ocrx_word' id='word_1_186' title='bbox 399 2377 562 2439; x_wconf 87' lang='lat' dir='ltr'>fructuum</span> <span class='ocrx_word' id='word_1_187' title='bbox 585 2376 687 2458; x_wconf 88' lang='lat' dir='ltr'>copia.</span> <span class='ocrx_word' id='word_1_188' title='bbox 729 2377 900 2438; x_wconf 84' lang='lat' dir='ltr'>exornatae</span> <span class='ocrx_word' id='word_1_189' title='bbox 922 2376 1037 2438; x_wconf 88' lang='lat' dir='ltr'>miran-</span> <span class='ocrx_word' id='word_1_190' title='bbox 1051 2396 1077 2435; x_wconf 79' lang='lat' dir='ltr'>as</span> 
     </span>
     <span class='ocr_line' id='line_1_27' title="bbox 69 2457 1037 2544; baseline -0.003 -18"><span class='ocrx_word' id='word_1_191' title='bbox 69 2463 145 2527; x_wconf 91' lang='lat' dir='ltr'>dum</span> <span class='ocrx_word' id='word_1_192' title='bbox 173 2462 208 2527; x_wconf 91' lang='lat' dir='ltr'>in</span> <span class='ocrx_word' id='word_1_193' title='bbox 230 2461 361 2525; x_wconf 86' lang='lat' dir='ltr'>modum</span> <span class='ocrx_word' id='word_1_194' title='bbox 388 2483 425 2525; x_wconf 90' lang='lat' dir='ltr'>ac</span> <span class='ocrx_word' id='word_1_195' title='bbox 446 2482 546 2544; x_wconf 90' lang='lat' dir='ltr'>prope</span> <span class='ocrx_word' id='word_1_196' title='bbox 569 2460 607 2523; x_wconf 94' lang='lat' dir='ltr'>de</span> <span class='ocrx_word' id='word_1_197' title='bbox 629 2461 758 2542; x_wconf 89' lang='lat' dir='ltr'>integro</span> <span class='ocrx_word' id='word_1_198' title='bbox 786 2457 934 2523; x_wconf 90' lang='lat' dir='ltr'>conditae</span> <span class='ocrx_word' id='word_1_199' title='bbox 961 2458 1037 2523; x_wconf 92' lang='lat' dir='ltr'>ciui-</span> 
     </span>
     <span class='ocr_line' id='line_1_28' title="bbox 66 2543 1038 2630; baseline -0.003 -19"><span class='ocrx_word' id='word_1_200' title='bbox 66 2550 161 2611; x_wconf 84' lang='lat' dir='ltr'>tates.</span> <span class='ocrx_word' id='word_1_201' title='bbox 207 2567 310 2610; x_wconf 91' lang='lat' dir='ltr'>nouae</span> <span class='ocrx_word' id='word_1_202' title='bbox 336 2547 424 2630; x_wconf 87' lang='lat' dir='ltr'>leges</span> <span class='ocrx_word' id='word_1_203' title='bbox 452 2543 602 2628; x_wconf 87' lang='lat' dir='ltr'>regendis</span> <span class='ocrx_word' id='word_1_204' title='bbox 624 2545 767 2608; x_wconf 90' lang='lat' dir='ltr'>moribus</span> <span class='ocrx_word' id='word_1_205' title='bbox 795 2547 827 2608; x_wconf 92' lang='lat' dir='ltr'>et</span> <span class='ocrx_word' id='word_1_206' title='bbox 849 2543 1038 2629; x_wconf 83' lang='lat' dir='ltr'>frangendis</span> 
     </span>
     <span class='ocr_line' id='line_1_29' title="bbox 67 2629 1037 2716; baseline -0.001 -21"><span class='ocrx_word' id='word_1_207' title='bbox 67 2632 156 2695; x_wconf 89' lang='lat' dir='ltr'>uitiis</span> <span class='ocrx_word' id='word_1_208' title='bbox 198 2631 402 2695; x_wconf 82' lang='lat' dir='ltr'>constitutae.</span> <span class='ocrx_word' id='word_1_209' title='bbox 452 2632 596 2694; x_wconf 89' lang='lat' dir='ltr'>ueterum</span> <span class='ocrx_word' id='word_1_210' title='bbox 635 2629 850 2695; x_wconf 90' lang='lat' dir='ltr'>calumniosae</span> <span class='ocrx_word' id='word_1_211' title='bbox 887 2630 1037 2716; x_wconf 85' lang='lat' dir='ltr'>ambages</span> 
     </span>
     <span class='ocr_line' id='line_1_30' title="bbox 67 2714 1036 2799; baseline 0.004 -20"><span class='ocrx_word' id='word_1_212' title='bbox 67 2717 188 2781; x_wconf 84' lang='lat' dir='ltr'>recisae</span> <span class='ocrx_word' id='word_1_213' title='bbox 216 2716 391 2799; x_wconf 87' lang='lat' dir='ltr'>captandae</span> <span class='ocrx_word' id='word_1_214' title='bbox 421 2714 635 2797; x_wconf 87' lang='lat' dir='ltr'>simplicitatis</span> <span class='ocrx_word' id='word_1_215' title='bbox 662 2717 793 2799; x_wconf 90' lang='lat' dir='ltr'>laqueos</span> <span class='ocrx_word' id='word_1_216' title='bbox 820 2716 1036 2799; x_wconf 90' lang='lat' dir='ltr'>perdiderunt.</span> 
     </span>
     <span class='ocr_line' id='line_1_31' title="bbox 67 2800 1077 2886; baseline 0.001 -22"><span class='ocrx_word' id='word_1_217' title='bbox 67 2801 171 2884; x_wconf 91' lang='lat' dir='ltr'>pudor</span> <span class='ocrx_word' id='word_1_218' title='bbox 201 2804 305 2879; x_wconf 88' lang='lat' dir='ltr'>tutus,</span> <span class='ocrx_word' id='word_1_219' title='bbox 343 2800 469 2863; x_wconf 90' lang='lat' dir='ltr'>munita</span> <span class='ocrx_word' id='word_1_220' title='bbox 501 2802 660 2886; x_wconf 87' lang='lat' dir='ltr'>coniugia.</span> <span class='ocrx_word' id='word_1_221' title='bbox 705 2822 834 2865; x_wconf 90' lang='lat' dir='ltr'>securae</span> <span class='ocrx_word' id='word_1_222' title='bbox 866 2802 1036 2866; x_wconf 88' lang='lat' dir='ltr'>facultates</span> <span class='ocrx_word' id='word_1_223' title='bbox 1050 2820 1077 2858; x_wconf 76' lang='lat'>30</span> 
     </span>
    </p>
   </div>
   <div class='ocr_carea' id='block_1_3' title="bbox 65 2984 1037 3595">
    <p class='ocr_par' dir='ltr' id='par_1_4' title="bbox 65 2984 1037 3595">
     <span class='ocr_line' id='line_1_32' title="bbox 136 2984 1036 3051; baseline -0.002 -12"><span class='ocrx_word' id='word_1_224' title='bbox 136 2993 203 3039; x_wconf 83' lang='lat' dir='ltr'>3te</span> <span class='ocrx_word' id='word_1_225' title='bbox 229 2992 329 3039; x_wconf 89' lang='lat' dir='ltr'>auocet</span> <span class='ocrx_word' id='word_1_226' title='bbox 351 3004 412 3051; x_wconf 78' lang='lat' dir='ltr'>epo:</span> <span class='ocrx_word' id='word_1_227' title='bbox 442 2993 541 3038; x_wconf 87' lang='lat' dir='ltr'>euocet</span> <span class='ocrx_word' id='word_1_228' title='bbox 563 2991 591 3036; x_wconf 74' lang='grc' dir='ltr'>Η</span> <span class='ocrx_word' id='word_1_229' title='bbox 613 2992 722 3037; x_wconf 87' lang='lat' dir='ltr'>reuocet</span> <span class='ocrx_word' id='word_1_230' title='bbox 745 2988 804 3035; x_wconf 86' lang='lat' dir='ltr'>edd.</span> <span class='ocrx_word' id='word_1_231' title='bbox 835 2984 845 3049; x_wconf 96' lang='grc'>11</span> <span class='ocrx_word' id='word_1_232' title='bbox 875 2990 1036 3038; x_wconf 84' lang='lat' dir='ltr'>4maturus</span> 
     </span>
     <span class='ocr_line' id='line_1_33' title="bbox 67 3052 1037 3123; baseline -0.004 -16"><span class='ocrx_word' id='word_1_233' title='bbox 67 3054 140 3107; x_wconf 81' lang='lat' dir='ltr'>stud.</span> <span class='ocrx_word' id='word_1_234' title='bbox 158 3058 191 3103; x_wconf 85' lang='lat' dir='ltr'>W</span> <span class='ocrx_word' id='word_1_235' title='bbox 220 3054 230 3123; x_wconf 91' lang='grc'>1</span> <span class='ocrx_word' id='word_1_236' title='bbox 261 3052 334 3121; x_wconf 71' lang='lat' dir='ltr'>lte]</span> <span class='ocrx_word' id='word_1_237' title='bbox 354 3070 383 3105; x_wconf 86' lang='lat' dir='ltr'>se</span> <span class='ocrx_word' id='word_1_238' title='bbox 403 3056 526 3105; x_wconf 72' lang='lat' dir='ltr'>Gruterus</span> <span class='ocrx_word' id='word_1_239' title='bbox 550 3053 560 3119; x_wconf 96' lang='grc'>11</span> <span class='ocrx_word' id='word_1_240' title='bbox 586 3052 912 3118; x_wconf 52' lang='lat' dir='ltr'>lOeuenit(e1&#39;1ic)e,o.·</span> <span class='ocrx_word' id='word_1_241' title='bbox 933 3070 992 3103; x_wconf 90' lang='lat' dir='ltr'>cum</span> <span class='ocrx_word' id='word_1_242' title='bbox 1009 3056 1037 3103; x_wconf 77' lang='lat' dir='ltr'>bl</span> 
     </span>
     <span class='ocr_line' id='line_1_34' title="bbox 67 3069 1036 3188; baseline -0.003 -15"><span class='ocrx_word' id='word_1_243' title='bbox 67 3122 142 3173; x_wconf 84' lang='lat' dir='ltr'>Bert.</span> <span class='ocrx_word' id='word_1_244' title='bbox 173 3121 185 3188; x_wconf 96' lang='grc'>11</span> <span class='ocrx_word' id='word_1_245' title='bbox 216 3127 244 3173; x_wconf 92' lang='grc'>11</span> <span class='ocrx_word' id='word_1_246' title='bbox 264 3128 295 3172; x_wconf 89' lang='lat' dir='ltr'>ut</span> <span class='ocrx_word' id='word_1_247' title='bbox 313 3126 361 3173; x_wconf 87' lang='lat' dir='ltr'>del.</span> <span class='ocrx_word' id='word_1_248' title='bbox 381 3125 513 3173; x_wconf 83' lang='lat' dir='ltr'>Liuineius</span> <span class='ocrx_word' id='word_1_249' title='bbox 543 3121 552 3188; x_wconf 94' lang='grc'>11</span> <span class='ocrx_word' id='word_1_250' title='bbox 584 3125 615 3171; x_wconf 89' lang='grc'>13</span> <span class='ocrx_word' id='word_1_251' title='bbox 637 3120 838 3185; x_wconf 78' lang='lat' dir='ltr'>capsumitur?</span> <span class='ocrx_word' id='word_1_252' title='bbox 867 3069 882 3184; x_wconf 85' lang='grc'><strong>1</strong></span> <span class='ocrx_word' id='word_1_253' title='bbox 910 3124 941 3170; x_wconf 85' lang='grc'>14</span> <span class='ocrx_word' id='word_1_254' title='bbox 960 3123 1036 3184; x_wconf 91' lang='lat' dir='ltr'>quin-</span> 
     </span>
     <span class='ocr_line' id='line_1_35' title="bbox 88 3186 1036 3255; baseline -0.003 -15"><span class='ocrx_word' id='word_1_255' title='bbox 88 3191 185 3240; x_wconf 84' lang='lat' dir='ltr'>uennis</span> <span class='ocrx_word' id='word_1_256' title='bbox 203 3192 226 3240; x_wconf 99' lang='lat' dir='ltr'>A</span> <span class='ocrx_word' id='word_1_257' title='bbox 242 3193 263 3239; x_wconf 85' lang='lat' dir='ltr'>B</span> <span class='ocrx_word' id='word_1_258' title='bbox 281 3194 299 3239; x_wconf 86' lang='grc'>(1</span> <span class='ocrx_word' id='word_1_259' title='bbox 317 3192 339 3238; x_wconf 81' lang='lat' dir='ltr'>V</span> <span class='ocrx_word' id='word_1_260' title='bbox 359 3189 369 3255; x_wconf 97' lang='grc'>11</span> <span class='ocrx_word' id='word_1_261' title='bbox 394 3194 424 3241; x_wconf 86' lang='grc'>16</span> <span class='ocrx_word' id='word_1_262' title='bbox 442 3189 615 3240; x_wconf 69' lang='lat' dir='ltr'>extendenda]</span> <span class='ocrx_word' id='word_1_263' title='bbox 633 3189 657 3237; x_wconf 90' lang='lat' dir='ltr'>A</span> <span class='ocrx_word' id='word_1_264' title='bbox 676 3186 686 3253; x_wconf 95' lang='grc'>11</span> <span class='ocrx_word' id='word_1_265' title='bbox 711 3190 741 3237; x_wconf 84' lang='grc'>17</span> <span class='ocrx_word' id='word_1_266' title='bbox 761 3202 859 3252; x_wconf 89' lang='lat' dir='ltr'>rogare</span> <span class='ocrx_word' id='word_1_267' title='bbox 878 3192 905 3237; x_wconf 86' lang='lat' dir='ltr'>et</span> <span class='ocrx_word' id='word_1_268' title='bbox 924 3192 1036 3238; x_wconf 79' lang='lat' dir='ltr'>orarec</span> 
     </span>
     <span class='ocr_line' id='line_1_36' title="bbox 68 3206 1034 3323; baseline -0.002 -16"><span class='ocrx_word' id='word_1_269' title='bbox 68 3206 88 3323; x_wconf 88' lang='grc'>11</span> <span class='ocrx_word' id='word_1_270' title='bbox 115 3262 146 3309; x_wconf 84' lang='grc'>19</span> <span class='ocrx_word' id='word_1_271' title='bbox 164 3264 195 3308; x_wconf 87' lang='lat' dir='ltr'>ut</span> <span class='ocrx_word' id='word_1_272' title='bbox 213 3260 435 3323; x_wconf 69' lang='lat' dir='ltr'>Eyssenhardlus:</span> <span class='ocrx_word' id='word_1_273' title='bbox 455 3265 502 3307; x_wconf 87' lang='lat' dir='ltr'>aut</span> <span class='ocrx_word' id='word_1_274' title='bbox 519 3260 547 3305; x_wconf 71' lang='grc' dir='ltr'>Ι</span> <span class='ocrx_word' id='word_1_275' title='bbox 566 3262 595 3306; x_wconf 87' lang='lat' dir='ltr'>at</span> <span class='ocrx_word' id='word_1_276' title='bbox 613 3258 747 3306; x_wconf 78' lang='lat' dir='ltr'>Acidaliae</span> <span class='ocrx_word' id='word_1_277' title='bbox 766 3256 770 3319; x_wconf 94' lang='grc'>1</span> <span class='ocrx_word' id='word_1_278' title='bbox 792 3272 840 3305; x_wconf 90' lang='lat' dir='ltr'>suo</span> <span class='ocrx_word' id='word_1_279' title='bbox 859 3257 991 3306; x_wconf 81' lang='lat' dir='ltr'>Liuineius</span> <span class='ocrx_word' id='word_1_280' title='bbox 1021 3256 1034 3322; x_wconf 94' lang='grc'>11</span> 
     </span>
     <span class='ocr_line' id='line_1_37' title="bbox 66 3322 1036 3392; baseline -0.002 -17"><span class='ocrx_word' id='word_1_281' title='bbox 66 3327 101 3377; x_wconf 79' lang='grc'>20</span> <span class='ocrx_word' id='word_1_282' title='bbox 118 3327 173 3389; x_wconf 82' lang='lat' dir='ltr'>ipsi</span> <span class='ocrx_word' id='word_1_283' title='bbox 190 3328 212 3374; x_wconf 87' lang='grc' dir='ltr'><strong>Δ</strong></span> <span class='ocrx_word' id='word_1_284' title='bbox 229 3325 321 3376; x_wconf 68' lang='lat' dir='ltr'>Bora:</span> <span class='ocrx_word' id='word_1_285' title='bbox 341 3327 402 3392; x_wconf 87' lang='lat' dir='ltr'>ipse</span> <span class='ocrx_word' id='word_1_286' title='bbox 419 3329 439 3375; x_wconf 93' lang='grc' dir='ltr'><strong><em>Β</em></strong></span> <span class='ocrx_word' id='word_1_287' title='bbox 458 3329 475 3374; x_wconf 80' lang='lat'><strong>0</strong></span> <span class='ocrx_word' id='word_1_288' title='bbox 493 3327 515 3373; x_wconf 84' lang='lat' dir='ltr'>V</span> <span class='ocrx_word' id='word_1_289' title='bbox 533 3326 565 3374; x_wconf 86' lang='lat' dir='ltr'>W</span> <span class='ocrx_word' id='word_1_290' title='bbox 592 3324 596 3387; x_wconf 96' lang='grc'>1</span> <span class='ocrx_word' id='word_1_291' title='bbox 620 3328 694 3374; x_wconf 76' lang='lat' dir='ltr'>roam</span> <span class='ocrx_word' id='word_1_292' title='bbox 712 3322 746 3370; x_wconf 88' lang='lat' dir='ltr'>A:</span> <span class='ocrx_word' id='word_1_293' title='bbox 764 3339 874 3373; x_wconf 89' lang='lat' dir='ltr'>romane</span> <span class='ocrx_word' id='word_1_294' title='bbox 890 3326 911 3372; x_wconf 99' lang='grc' dir='ltr'><strong><em>Β</em></strong></span> <span class='ocrx_word' id='word_1_295' title='bbox 930 3326 947 3371; x_wconf 82' lang='lat'><strong>0</strong></span> <span class='ocrx_word' id='word_1_296' title='bbox 964 3325 986 3371; x_wconf 84' lang='lat' dir='ltr'>V</span> <span class='ocrx_word' id='word_1_297' title='bbox 1004 3325 1036 3373; x_wconf 86' lang='lat' dir='ltr'>W</span> 
     </span>
     <span class='ocr_line' id='line_1_38' title="bbox 68 3392 1035 3457; baseline -0.002 -15"><span class='ocrx_word' id='word_1_298' title='bbox 68 3392 82 3457; x_wconf 91' lang='grc'>11</span> <span class='ocrx_word' id='word_1_299' title='bbox 104 3395 139 3443; x_wconf 75' lang='lat'>25</span> <span class='ocrx_word' id='word_1_300' title='bbox 157 3408 265 3443; x_wconf 86' lang='lat' dir='ltr'>annone</span> <span class='ocrx_word' id='word_1_301' title='bbox 283 3407 320 3443; x_wconf 78' lang='lat' dir='ltr'>v:</span> <span class='ocrx_word' id='word_1_302' title='bbox 340 3409 432 3443; x_wconf 88' lang='lat' dir='ltr'>annon</span> <span class='ocrx_word' id='word_1_303' title='bbox 449 3396 477 3441; x_wconf 74' lang='grc' dir='ltr'>Η</span> <span class='ocrx_word' id='word_1_304' title='bbox 494 3396 498 3452; x_wconf 96' lang='grc' dir='ltr'>Ι</span> <span class='ocrx_word' id='word_1_305' title='bbox 515 3393 628 3443; x_wconf 84' lang='lat' dir='ltr'>ubertas</span> <span class='ocrx_word' id='word_1_306' title='bbox 645 3395 691 3441; x_wconf 85' lang='lat' dir='ltr'>W:</span> <span class='ocrx_word' id='word_1_307' title='bbox 710 3394 836 3443; x_wconf 87' lang='lat' dir='ltr'>ubertate</span> <span class='ocrx_word' id='word_1_308' title='bbox 854 3392 877 3440; x_wconf 98' lang='lat' dir='ltr'>A</span> <span class='ocrx_word' id='word_1_309' title='bbox 888 3394 906 3441; x_wconf 78' lang='lat' dir='ltr'>c</span> <span class='ocrx_word' id='word_1_310' title='bbox 918 3393 952 3456; x_wconf 83' lang='lat' dir='ltr'>V;</span> <span class='ocrx_word' id='word_1_311' title='bbox 972 3394 997 3441; x_wconf 82' lang='lat' dir='ltr'>in</span> <span class='ocrx_word' id='word_1_312' title='bbox 1015 3394 1035 3440; x_wconf 93' lang='grc' dir='ltr'><strong><em>Β</em></strong></span> 
     </span>
     <span class='ocr_line' id='line_1_39' title="bbox 65 3460 1035 3523; baseline 0.002 -14"><span class='ocrx_word' id='word_1_313' title='bbox 65 3476 158 3510; x_wconf 87' lang='lat' dir='ltr'>nonae</span> <span class='ocrx_word' id='word_1_314' title='bbox 181 3460 307 3511; x_wconf 84' lang='lat' dir='ltr'>ubertate</span> <span class='ocrx_word' id='word_1_315' title='bbox 330 3488 363 3497; x_wconf 92' lang='lat'><em>-</em></span> <span class='ocrx_word' id='word_1_316' title='bbox 386 3462 414 3509; x_wconf 90' lang='lat' dir='ltr'>in</span> <span class='ocrx_word' id='word_1_317' title='bbox 432 3462 541 3511; x_wconf 91' lang='lat' dir='ltr'>modum</span> <span class='ocrx_word' id='word_1_318' title='bbox 560 3463 658 3511; x_wconf 70' lang='lat' dir='ltr'>(lerunt.</span> <span class='ocrx_word' id='word_1_319' title='bbox 688 3477 720 3509; x_wconf 86' lang='lat' dir='ltr'>uu</span> <span class='ocrx_word' id='word_1_320' title='bbox 740 3475 865 3510; x_wconf 87' lang='lat' dir='ltr'>annonae</span> <span class='ocrx_word' id='word_1_321' title='bbox 885 3462 1035 3523; x_wconf 86' lang='lat' dir='ltr'>ubertates,</span> 
     </span>
     <span class='ocr_line' id='line_1_40' title="bbox 66 3527 833 3595; baseline -0.003 -17"><span class='ocrx_word' id='word_1_322' title='bbox 66 3528 206 3578; x_wconf 83' lang='lat' dir='ltr'>fructuum</span> <span class='ocrx_word' id='word_1_323' title='bbox 225 3530 341 3595; x_wconf 83' lang='lat' dir='ltr'>copiae?</span> <span class='ocrx_word' id='word_1_324' title='bbox 364 3528 374 3595; x_wconf 94' lang='grc'>11</span> <span class='ocrx_word' id='word_1_325' title='bbox 398 3531 431 3579; x_wconf 79' lang='lat'>27</span> <span class='ocrx_word' id='word_1_326' title='bbox 449 3529 518 3593; x_wconf 81' lang='lat' dir='ltr'>legis</span> <span class='ocrx_word' id='word_1_327' title='bbox 537 3531 559 3577; x_wconf 88' lang='lat' dir='ltr'>A</span> <span class='ocrx_word' id='word_1_328' title='bbox 583 3527 593 3593; x_wconf 95' lang='grc'>11</span> <span class='ocrx_word' id='word_1_329' title='bbox 617 3528 649 3578; x_wconf 79' lang='lat'>28</span> <span class='ocrx_word' id='word_1_330' title='bbox 668 3528 791 3592; x_wconf 87' lang='lat' dir='ltr'>ambagis</span> <span class='ocrx_word' id='word_1_331' title='bbox 810 3528 833 3576; x_wconf 99' lang='lat' dir='ltr'>A</span> 
     </span>
    </p>
   </div>
   <div class='ocr_carea' id='block_1_4' title="bbox 832 3611 882 3663">
    <p class='ocr_par' dir='ltr' id='par_1_5' title="bbox 832 3611 882 3663">
     <span class='ocr_line' id='line_1_41' title="bbox 832 3611 882 3663; baseline 0.02 -1"><span class='ocrx_word' id='word_1_332' title='bbox 832 3611 882 3663; x_wconf 79' lang='lat'>16*</span> 
     </span>
    </p>
   </div>
   <div class='ocr_carea' id='block_1_5' title="bbox 0 0 1202 3990">
    <p class='ocr_par' dir='ltr' id='par_1_6' title="bbox 0 0 1202 3990">
     <span class='ocr_line' id='line_1_42' title="bbox 0 0 1202 3990; baseline 0 1"><span class='ocrx_word' id='word_1_333' title='bbox 0 0 1202 3990; x_wconf 95' lang='lat' dir='ltr'> </span> 
     </span>
    </p>
   </div>
  </div>
 </body>
</html>
