2406 4012
54 39 106 251 Γ

414 212 577 265 rannac
595 215 629 267 n.
655 216 765 266 aa-ar.
1032 215 1073 279 27

96 361 226 449 pariter
252 360 378 424 intenta
405 361 534 425 bonitas
569 364 602 425 et
629 363 773 426 accincta
805 367 841 427 ut
870 364 991 429 tristius
1018 367 1073 430 ali-

54 506 71 531 ..
96 445 180 595 qlqffi
200 444 343 593 'sqecplo
364 449 433 542 'tuo
461 447 564 529 passis
598 446 638 510 ad
666 448 842 511 remedium
876 448 1074 533 salutemque

99 553 116 597 s
179 551 231 594 cra
267 552 288 592 u
326 551 418 594 seras.

165 612 289 679 XXXI.
320 613 475 678 Omnibus
496 614 643 699 equidem
663 616 813 698 gentibus
829 617 950 680 fertiles
972 615 1073 682 annos

160 702 276 782 tasque
296 701 398 762 terras
418 720 547 782 precor:
571 700 759 764 crediderim
779 703 888 764 tamen
910 702 1098 785 perhunca

54 856 59 863 ,
98 720 248 869 ΐέςγρῒί
269 785 389 846 statum
402 786 474 846 tuas
489 784 652 848 fortunam
672 785 755 848 uires
771 786 909 868 experiri
922 790 1072 871 tuamque

98 867 309 952 mgilantiam
331 871 476 950 spectare
499 868 648 932 uoluisse.
678 890 756 933 nam
778 891 851 933 cum
874 873 981 933 omnia
1003 872 1073 935 ubi-

54 952 58 967 '
99 974 165 1037 que
198 951 339 1016 secunda
372 953 537 1029 merearis,
572 974 679 1016 nonne
707 953 915 1017 manifestum
944 958 1007 1037 est,
1045 957 1073 1017 si

98 1036 180 1121 quid
201 1035 330 1100 aduerm
352 1036 463 1120 cadat,
493 1037 556 1100 tuis
578 1036 725 1101 laudibus
752 1037 878 1121 tuisque
900 1039 1072 1102 uirtutibus

97 1121 271 1187 materiam
293 1138 503 1204 campumque
524 1122 719 1204 praesterni,
748 1143 819 1186 curn
843 1122 980 1186 secunda
1002 1123 1071 1187 fali—
1087 1146 1111 1184 ro

100 1227 173 1287 ces,
208 1204 342 1270 aduersa
369 1226 507 1289 magnos
535 1205 693 1288 probent?
737 1206 962 1290 percrebuerat
989 1209 1072 1272 anti-

94 1290 212 1375 quitus
238 1289 351 1354 urbem
377 1292 524 1353 nostram
550 1290 613 1353 nisi
642 1290 755 1372 opibus
783 1293 923 1376 Aegypti
951 1291 993 1355 ali
1022 1315 1072 1356 su-

99 1374 301 1457 stentarique
313 1394 380 1438 non
392 1394 494 1457 posse.
518 1375 723 1458 superbiebat
737 1379 871 1439 uentosa
887 1381 919 1440 et
930 1376 1071 1441 insolens

97 1457 191 1523 natio
209 1458 293 1543 quod
315 1459 471 1522 uictorem
489 1459 616 1541 quidem
632 1461 784 1542 populum
803 1464 948 1542 pasceret
962 1464 1072 1524 tamen

98 1542 249 1628 quodque
275 1542 311 1606 in
339 1563 397 1607 suo
420 1542 565 1625 flumine,
593 1544 628 1606 in
651 1544 717 1607 suis
739 1545 875 1607 nauibus
897 1544 949 1607 uel
971 1545 1069 1608 abun·
1085 1565 1109 1604 15

99 1628 215 1693 dantia
235 1629 345 1691 nostra
369 1627 422 1691 uel
443 1627 544 1691 fames
567 1631 659 1691 esset.
704 1629 879 1691 refudimus
901 1628 976 1691 Nilo
999 1650 1071 1691 suas

99 1712 227 1795 copias:
249 1714 372 1796 recepit
392 1713 556 1776 frumenta
577 1733 658 1795 quae
680 1713 810 1775 miserat
829 1712 1072 1795 deportatusque

97 1814 226 1860 messes
255 1796 388 1861 reuexit.
439 1796 543 1860 discat
574 1795 673 1880 igitur
701 1797 869 1880 Aegyptus
903 1795 1072 1881 credatque

100 1879 322 1963 experimento
344 1902 411 1945 non
427 1881 580 1945 alimenta
602 1902 636 1944 sc
654 1880 747 1945 nobis
769 1880 824 1944 sed
839 1881 960 1945 tributa
981 1903 1072 1964 prae-

99 1969 205 2029 stare:
228 1965 309 2029 sciat
328 1987 362 2029 se
383 1986 452 2029 non
474 1987 543 2030 esse
558 1965 678 2049 populo
692 1964 836 2030 Romano
858 1967 1070 2030 necessariam
1084 1988 1109 2025 so

99 2053 135 2113 et
162 2052 271 2114 tamen
298 2050 428 2115 seruiat.
471 2050 662 2133 posthaec,
689 2050 717 2114 si
738 2051 840 2133 uolet,
869 2050 963 2115 Nilus
986 2055 1071 2115 amet

96 2133 231 2198 alueum
253 2156 345 2199 suum
374 2138 407 2198 et
428 2134 569 2198 fluminis
597 2134 725 2198 modum
747 2143 869 2200 seruet:
905 2136 987 2199 nihil
1009 2136 1070 2198 hoc

100 2218 143 2282 ad
164 2219 278 2283 urbem
300 2241 338 2284 ac
359 2240 401 2283 ne
423 2219 464 2283 ad
482 2222 666 2303 Aegyptum
689 2220 828 2302 quidem,
852 2221 915 2283 nisi
938 2224 974 2282 ut
996 2219 1070 2281 inde

97 2303 237 2387 nauigia
257 2304 369 2368 inania
391 2307 423 2368 et
440 2325 543 2368 uacua
566 2307 598 2367 et
615 2303 732 2367 similia
754 2304 971 2384 redeuntibus,
993 2301 1070 2364 hinc

99 2388 199 2470 plena
224 2391 258 2452 ct
284 2392 401 2454 onusta
435 2392 468 2452 et
492 2387 598 2471 qualia
626 2389 731 2450 solent
763 2388 874 2450 uenire
901 2387 1072 2448 mittantur
1085 2405 1110 2444 ss

98 2492 320 2557 conuersaque
347 2495 479 2537 munere
501 2472 599 2535 maris
627 2471 703 2534 hinc
725 2470 831 2553 potius
856 2469 946 2532 uenti
967 2469 1071 2532 feren-

99 2560 152 2619 tes
174 2559 207 2620 et
227 2557 333 2621 breuis
356 2579 467 2621 cursus
491 2559 652 2640 optentur.
687 2555 812 2637 mirum,
836 2554 962 2636 Caesar,
985 2553 1071 2616 uide-

100 2644 199 2723 retur,
221 2642 250 2705 si
264 2641 405 2706 desidem
420 2643 605 2725 Aegyptum
625 2644 863 2724 cessantemque
878 2638 989 2703 Nilum
1005 2660 1071 2702 non

99 2725 256 2790 sensisset
282 2726 370 2790 urbis
398 2746 541 2809 annona,
575 2747 655 2808 quae
677 2725 740 2788 tuis
763 2725 891 2807 opibus,
918 2726 973 2787 tua
995 2745 1070 2787 cura

98 2830 202 2893 usquc
227 2809 304 2874 illuc
332 2810 523 2874 redundauit
555 2814 592 2873 ut
619 2809 714 2873 simul
742 2809 930 2891 probaretur
958 2812 990 2871 et
1011 2829 1070 2871 nos
1084 2827 1109 2866 ao

96 2897 254 2977 Aegypto
269 2915 362 2977 posse
385 2897 418 2959 et
435 2894 529 2958 nobis
545 2895 730 2978 Aegyptum
752 2914 860 2957 carere
882 2914 949 2956 non
963 2913 1068 2975 posse.

97 2981 210 3041 actum
232 2982 301 3042 erat
323 2979 361 3043 de
383 2977 613 3043 fecundissima
635 2981 742 3062 gente,
765 2977 793 3040 si
814 2977 915 3040 libera
937 2977 1070 3040 fuisset:

98 3062 245 3145 pudebat
265 3063 444 3128 sterilitatis
465 3061 629 3144 insolitae,
653 3083 713 3126 nec
736 3061 841 3124 minus
865 3061 1072 3124 erubescebat

96 3148 189 3211 tame
215 3168 314 3231 quarn
339 3147 563 3233 torquebatur,
597 3169 669 3210 cum
691 3146 813 3229 pariter
838 3168 857 3208 a
878 3147 911 3208 te
933 3143 1070 3207 necessi-

168 3338 185 3387 7
209 3342 336 3401 spectare
355 3351 385 3402 ςε
408 3343 553 3401 expectare
570 3335 597 3383 Μ
619 3333 629 3400 11
651 3338 666 3385 8
689 3334 807 3384 secunda
829 3333 929 3396 ubique
947 3330 980 3379 W
1002 3328 1011 3395 11
1037 3332 1066 3381 lc

94 3405 254 3473 praesterni
273 3406 391 3465 Lipsius:
409 3404 545 3470 prosterni
561 3403 588 3451 Μ
601 3400 611 3468 11
626 3406 656 3452 lo
675 3403 791 3452 nauibus
809 3413 846 3449 w:
865 3399 990 3449 manibus
1008 3399 1035 3446 Μ
1056 3396 1068 3463 11

97 3474 133 3523 16
152 3475 248 3523 uestra
264 3472 285 3521 B
300 3468 344 3536 Vll
356 3475 387 3522 21
411 3473 486 3522 nolet
502 3473 535 3520 W
547 3468 558 3536 11
571 3472 602 3520 31
621 3471 700 3520 uobis
718 3471 741 3518 V
757 3467 767 3534 11
784 3471 816 3519 32
836 3467 1031 3519 facundissima

97 3536 162 3604 1134
180 3554 263 3604 quam
279 3541 300 3588 B
317 3541 353 3589 V:
373 3554 428 3604 qua
446 3541 462 3589 0
480 3539 520 3588 W.
