2394 3990
266 189 525 243 CONSTANTINO
543 191 715 243 AUGUSTO
733 192 766 243 D.
784 196 893 245 25-27.
1001 193 1064 257 233

93 337 258 403 Fortunae
279 342 384 402 totum
405 340 530 421 liceret,
563 342 598 403 tu
625 345 748 424 tamen,
777 343 965 425 imperator,
997 364 1065 406 non

93 423 198 487 tutior
226 427 370 507 tempore
402 446 498 507 quam
530 424 588 488 deo
615 426 731 489 tectior
764 426 950 490 saeuissime
978 425 1065 490 hosti

94 508 215 572 multus
244 508 382 571 instares
411 519 442 571 et
463 508 610 573 libertate
639 510 744 574 caedis
773 511 918 575 exultans
946 511 1065 575 donum

94 592 199 657 noctis
223 591 354 656 duceres
377 593 461 676 quod
484 596 681 677 pugnantem
703 616 797 659 nemo
821 598 974 660 seruaret.
1007 617 1065 678 per

94 677 232 740 infestas
260 677 344 740 acies
372 677 539 741 interritus
566 679 658 741 uadis
665 729 674 759 ,
706 679 894 743 densissima
922 697 1090 763 quaeques

94 761 278 845 perrumpis
300 761 397 824 deicis
412 763 558 843 proteris.
582 764 693 826 mortis
714 763 809 827 decus
826 764 966 847 perdunt
985 785 1064 847 quos

94 847 265 930 ignoratus
292 844 426 928 affligis,
461 846 523 909 nisi
551 846 635 930 quod
663 852 696 910 te
724 848 794 929 ipse
821 849 870 912 uis
894 853 950 912 tua
978 850 1065 933 cogit

94 929 239 1014 agnosci.
283 928 365 992 nihil
392 930 478 993 enim
500 934 531 994 te
554 935 744 1014 permouent
769 932 919 995 tubarum
941 933 1064 996 fractae

95 1035 206 1096 ucoca,
235 1012 412 1077 horrendus
434 1014 573 1078 militum
596 1015 731 1098 clamor,
759 1018 915 1098 permissa
939 1017 1064 1080 casibus

96 1098 246 1178 uulnera,
276 1097 352 1160 illisi
376 1099 520 1163 cominus
542 1099 657 1183 gladii,
680 1100 849 1164 cadentum
871 1121 987 1185 graues
1009 1121 1063 1185 ge·
1078 1119 1103 1159 ιο

95 1183 210 1264 mitus‚
240 1204 331 1245 arma
358 1182 423 1246 late
450 1184 628 1267 strepentia
655 1187 688 1247 et
714 1184 749 1248 in
775 1207 876 1248 unum
898 1185 1066 1269 quemdam

96 1267 241 1331 sonitum
270 1265 386 1330 diuersi
413 1267 552 1351 fragoris
580 1273 654 1332 acta
682 1268 841 1348 confusio,
873 1270 958 1353 quod
986 1269 1066 1333 haec

96 1351 205 1416 omnia
235 1353 291 1414 aut
312 1351 413 1414 uirtus
435 1352 581 1436 neglegit
608 1357 664 1417 aut
685 1353 734 1416 ira
757 1375 824 1418 non
847 1355 955 1418 sentit.
1000 1375 1065 1417 nox

96 1434 175 1518 ipsa,
199 1435 375 1498 iustissima
397 1435 589 1501 bellantibus
612 1458 707 1501 causa
730 1438 871 1517 terroris
896 1437 1064 1502 uehemen-

96 1519 212 1583 tiorem
242 1523 274 1582 te
308 1521 441 1602 agendis
475 1522 637 1604 stragibus
669 1522 800 1585 fecerat.
845 1522 929 1604 quod
963 1521 1064 1585 solum
1079 1540 1103 1581 15

96 1605 183 1668 enim
205 1603 336 1666 uirtutis
358 1607 433 1668 tuae
454 1605 717 1689 impedimentum
741 1609 805 1687 est,
829 1605 1065 1668 miserationem

95 1688 250 1752 tenebrae
271 1709 338 1751 non
352 1687 479 1770 habent,
502 1693 538 1752 ut
558 1689 704 1773 intellegi
719 1689 815 1754 liceat
833 1692 988 1773 quantum
1010 1688 1065 1752 illo

95 1773 131 1837 in
158 1771 246 1835 bello
275 1773 325 1835 uis
352 1776 407 1835 tua
435 1773 605 1856 perfecerit
632 1774 752 1857 pietate
785 1795 852 1837 non
880 1777 1006 1837 retenta
1034 1777 1067 1836 et

96 1857 264 1920 maiestate
287 1877 407 1920 secura.
453 1857 573 1940 proelio
595 1859 651 1921 uix
672 1858 774 1922 multa
801 1860 896 1921 nocte
919 1858 1065 1922 confecto

95 1940 200 2007 fessus
224 1941 383 2020 caedibus,
408 1941 542 2006 anhelus
558 1963 596 2006 ex
611 1942 706 2024 bello,
730 1964 842 2008 cruore
859 1944 987 2023 oblitus,
1010 1943 1065 2007 sed
1079 1961 1104 2001 ao

97 2024 219 2107 hostili,
243 2025 283 2088 ad
305 2025 480 2155 obsidionip
502 2026 631 2110 uigilias
653 2029 849 2092 recurrebas.
876 2049 894 2091 o
917 2028 1064 2092 fortuna!

97 2108 1066 2279 inlidititur}·felliudictiunculae

46 2312 52 2333 =
97 2299 168 2342 mus
189 2278 358 2362 princeps,
387 2281 551 2363 tamquam
574 2278 635 2343 hoc
656 2281 761 2362 ipsum
786 2280 847 2342 tibi
869 2278 998 2357 debeat,
1027 2298 1065 2341 eo

46 2396 51 2401 ·
98 2361 458 2511 cfflffildliabffiquo
479 2364 601 2460 maiore
623 2364 730 2511 labope
753 2362 902 2511 sppuauit.
1079 2377 1104 2419 25

46 2464 56 2511 ·.
292 2498 298 2510 .
879 2468 944 2509 mm
964 2466 1066 2509 mora·

46 2520 54 2545 '¹
98 2531 218 2596 tionem
246 2531 312 2595 fors
342 2469 649 2616 qudeddrirmiriiulite,
669 2468 878 2595 iodrriiuiii
907 2468 986 2596 ordo
1015 2530 1067 2594 de-

57 2624 62 2631 “
99 2613 190 2679 duxit
223 2637 327 2699 neque
355 2638 507 2681 reuocare
541 2617 615 2680 inde
647 2617 824 2682 orationem
853 2617 902 2681 fas
930 2620 978 2681 est
1004 2637 1066 2700 quo

100 2699 284 2764 iamdudum
306 2704 461 2765 contenta
477 2703 639 2786 ueniebat,
662 2706 828 2786 praetereo
842 2706 884 2786 te,
908 2701 1066 2786 Aquileia,

58 2828 61 2833 -
100 2787 147 2866 te,
173 2782 317 2866 Mutina,
349 2790 532 2868 ceterasque
555 2788 702 2871 regiones
731 2789 844 2872 quibus
866 2792 996 2870 propter
1017 2788 1066 2850 in·
1080 2805 1105 2845 ac

56 2906 60 2915 ·
100 2871 223 2932 secutas
244 2869 482 2934 incredibilium
504 2870 660 2936 bonorum
689 2871 929 2936 commoditates
951 2871 1067 2954 gratis-

59 2998 62 3005 ·
100 2950 181 3018 sima
213 2954 277 3017 fuit
308 2954 409 3037 ipsius
441 2956 692 3039 oppugnationis
725 2955 850 3018 iniuria.
900 2956 1068 3017 senserunt

64 3060 67 3065 ·
101 3035 186 3100 enim
200 3037 365 3103 translatis
388 3039 429 3103 ad
442 3040 652 3104 fortissimum
666 3039 845 3123 principem
865 3037 1066 3101 fortunarum

167 3244 287 3294 itutior
304 3258 335 3310 ςε
361 3245 478 3295 intutior
494 3246 534 3306 13
562 3262 595 3294 un
613 3244 764 3293 munitior?
798 3241 807 3308 ΙΙ
841 3241 1022 3292 4ducerisA
1053 3238 1064 3306 ll

102 3309 276 3361 dturbarum
293 3312 316 3361 A
333 3313 355 3360 V
372 3315 405 3361 W
435 3309 445 3376 ll
474 3311 580 3362 tlclem
600 3313 726 3376 pcrm.A
755 3309 765 3375 11
795 3314 827 3362 10
844 3309 911 3360 illisi
928 3311 964 3359 A:
991 3308 1068 3358 illusi

101 3375 122 3423 B
138 3377 158 3424 ὓ
173 3378 196 3424 V
212 3379 245 3427 W
266 3376 277 3442 fl
298 3382 328 3428 12
348 3376 427 3446 hacc]
449 3381 500 3430 hee
518 3381 541 3429 A
562 3377 572 3445 ll
595 3381 626 3428 14
645 3378 850 3430 uehementiore
869 3379 899 3427 in
916 3384 943 3427 tc
961 3378 984 3427 A
1003 3375 1013 3442 ΙΙ
1035 3379 1067 3427 17

102 3440 241 3495 habebant
258 3446 281 3494 A
293 3446 367 3500 Bert.
384 3447 388 3510 Ι
403 3452 534 3512 quantum
550 3450 571 3498 n
583 3461 620 3495 w:
640 3452 741 3511 quanto
754 3448 781 3494 Ι
798 3444 808 3512 ΙΙ
830 3448 863 3496 20
881 3445 967 3507 bello;
986 3448 1069 3495 malim

103 3508 253 3562 uelocitate
273 3511 284 3578 ΙΙ
307 3516 339 3565 23
357 3516 444 3565 refers
463 3516 481 3562 0
502 3511 512 3579 ΙΙ
534 3517 567 3565 28
585 3515 711 3565 reuocari
728 3517 751 3563 A
772 3513 782 3580 ll
806 3517 838 3565 32
858 3509 924 3580 luit]
944 3517 1001 3565 sint
1018 3516 1041 3564 A
