2406 4012
390 872 778 1000 Pnnnrnrro

164 1181 214 1240 De
228 1179 296 1238 XII
309 1180 569 1258 panegyricorum
578 1180 745 1240 latinorum
760 1179 917 1240 codicibus
933 1182 986 1259 qui
1002 1201 1069 1241 cum

100 1266 204 1344 aliquo
238 1266 338 1323 fructu
371 1262 550 1326 disseruerit
583 1264 684 1324 adhuc
716 1265 819 1324 extitit
848 1284 949 1325 nemo.
997 1285 1069 1325 nam

99 1368 204 1428 neque
223 1349 317 1427 Hugo
336 1349 487 1408 Ruehlius
508 1351 541 1408 in
566 1349 783 1409 dissertatione
799 1348 1069 1430 Gryphiswaldiae

99 1455 128 1493 a.
149 1435 234 1493 1868,
254 1431 346 1506 edita,
372 1435 420 1492 cui
442 1434 622 1514 inscriptum
644 1441 691 1493 est
713 1433 764 1494 ‘de
783 1433 851 1492 XII
872 1436 1069 1515 panegyricis

98 1519 205 1578 latinis
227 1517 513 1596 propaedeumata',
541 1537 644 1598 neque
671 1536 747 1578 uero
768 1517 923 1578 Henricus
945 1519 1069 1579 Keilius

98 1604 132 1662 in
161 1602 257 1662 Plinii
285 1603 486 1680 epistularum
521 1602 667 1663 editionis
696 1603 875 1681 ceteroquin
901 1602 1069 1664 laudabilis

98 1687 226 1766 Lipsiae
254 1707 280 1746 a.
309 1688 393 1745 1870
421 1689 549 1747 emissae
576 1685 773 1765 praefatione
805 1683 848 1764 [p.
877 1684 1069 1746 XXXIX-

98 1768 191 1849 XLI]
221 1773 434 1850 quaestionem
462 1780 493 1831 et
521 1770 733 1831 difficillimam
762 1779 793 1830 et
814 1771 1070 1832 taediosissimam

99 1856 228 1916 multum
249 1857 440 1935 promouisse
463 1856 613 1916 censendi
635 1864 716 1916 sunt.

165 1939 295 2000 Codices
318 1941 349 1998 in
371 1940 452 2001 hanc
471 1940 640 2001 editionem
662 1942 729 2002 siue
750 1962 768 2002 a
788 1960 837 2001 me
858 1942 925 2001 siue
945 1940 984 2000 ab
1000 1941 1069 2000 aliis

97 2026 173 2085 uiris
190 2024 288 2084 doctis
308 2024 361 2084 uel
376 2026 510 2105 inspecti
531 2025 581 2086 uel
597 2025 701 2085 collati
716 2034 791 2085 sunt
803 2025 845 2099 hi,
869 2025 992 2086 saeculo
1007 2025 1070 2086 XV

97 2108 298 2170 adscribendi
321 2128 440 2170 omnes:
797 2171 799 2175 ,

178 2192 202 2252 I.
227 2193 325 2254 codex
343 2194 596 2256 Durlacensis
619 2195 659 2254 36
682 2194 818 2269 membr,
843 2194 916 2254 olim
931 2193 1069 2254 Schwar-

227 2279 334 2338 zianus
359 2275 418 2356 (ς),
448 2279 487 2339 (10
515 2298 576 2358 quo
605 2278 643 2339 cf.
666 2277 816 2338 Ruehlius
837 2277 859 2338 l.
881 2279 901 2341 l.
927 2298 959 2357 p.
983 2280 1001 2336 9
1024 2296 1070 2357 sq.

227 2363 294 2441 ipse
315 2363 443 2443 Lipsiae
466 2381 493 2423 a.
517 2365 598 2422 1871
624 2362 749 2421 contuli.

162 2447 205 2505 ΙΙ.
228 2446 294 2507 cod.
320 2447 569 2508 Monacensis
597 2463 668 2505 mss.
696 2445 750 2505 lat.
782 2445 843 2505 309
872 2443 968 2505 chart.
998 2440 1011 2525 (
1042 2440 1067 2525 ).

226 2531 295 2610 ipse
323 2532 439 2592 contuli
466 2552 539 2613 pan.
563 2528 720 2606 11-x113
757 2549 830 2589 nam
851 2529 942 2609 primi
963 2529 1069 2591 lectio·

226 2634 297 2688 nes,
320 2626 355 2675 ut
377 2617 462 2677 etin
483 2632 519 2689 u,
545 2615 632 2676 dedit
652 2615 786 2675 Keiiius.

140 2699 201 2758 111.
226 2699 294 2759 cod.
322 2700 573 2761 Monacensis
600 2719 669 2760 mss.
698 2700 752 2760 lat.
777 2699 838 2758 756
867 2698 963 2759 chart.
1002 2700 1069 2759 eius

226 2784 381 2865 specimen
403 2785 617 2846 intercedente
636 2783 670 2844 0.
682 2783 812 2844 Halmio
836 2783 969 2844 confecit
985 2782 1068 2844 Guil.

225 2867 277 2929 Me
302 2888 345 2929 er.

143 2950 192 3010 IV
194 2996 201 3010 .
226 2889 587 3014 coleiccardianus
602 2953 662 3013 619
676 2951 772 3014 chart.
787 2946 840 3032 (ς).
862 2953 930 3031 ipse
942 2951 1069 3012 contuli.

160 3035 199 3096 V.
224 3037 293 3098 cod.
308 3037 517 3098 Vaticanus
537 3039 619 3098 3461
636 3036 761 3097 membr.
779 3033 833 3115 (ς).
857 3039 924 3117 ipse
941 3036 1066 3096 contuli.

144 3120 201 3181 VI.
225 3121 291 3182 cod.
303 3120 510 3183 Vaticanus
528 3124 610 3183 1776
625 3122 750 3182 membr.
765 3119 840 3201 (W).
858 3121 925 3201 ipse
941 3120 1067 3179 contuli.

52 3234 55 3251 =
123 3204 200 3265 VH.
223 3206 292 3266 cod.
309 3207 516 3268 Vaticanus
539 3209 621 3266 1776
641 3207 737 3266 chart.
760 3203 824 3284 (V).
852 3207 921 3284 ipse
940 3205 1066 3265 contuli.

54 3302 66 3327 -·
107 3286 198 3349 VIII.
224 3291 291 3351 cod.
311 3292 547 3370 Regimensis
566 3292 646 3350 1475
669 3290 795 3351 membr.
822 3286 875 3367 (r).
903 3290 1009 3370 paml
1028 3289 1067 3348 A.

52 3338 80 3535 K
225 3374 308 3449 Mau,
331 3375 477 3436 II-XII
500 3375 537 3437 G.
561 3375 676 3437 Kaibel
699 3375 905 3436 contulerunt.
