2406 4012
136 185 197 250 154
452 186 498 238 vr.
530 182 680 234 iusseri
698 181 779 231 ras.
1092 39 1147 233 (i

133 356 271 401 oceanus
304 355 429 418 semper
455 335 565 396 tamen
598 331 632 395 in
661 330 800 395 motibus
831 331 899 395 suis
926 333 1016 397 totus
1044 335 1100 417 est,
1131 294 1147 365 '³¹

133 422 180 484 ita
201 424 236 485 tu
258 422 349 503 potes
371 416 550 500 imperium,
573 415 776 498 Maximiane,
799 414 934 499 donare,
956 436 1027 481 non
1048 438 1101 501 po·

134 509 183 569 tes
205 526 271 569 non
284 503 412 567 habere.
442 500 480 565 de
502 521 565 584 quo
588 520 659 584 ego,
683 520 755 563 oum
778 499 818 563 ad
840 499 873 564 id
888 499 953 565 loci
974 521 1101 587 uenero,
1142 524 1147 583 q

133 592 181 654 ita
208 589 311 652 dicam
342 591 380 651 ut
406 586 541 650 fortasse
571 584 761 668 quibusdam
793 584 906 648 uidear
940 584 1099 669 audacior,
1141 590 1147 635 ·'

109 674 251 737 sueritas
273 676 381 736 tamen
404 691 493 735 meae
515 690 593 753 erga
614 674 647 732 te
669 667 851 735 deuotionis
874 673 1043 753 appareat.

197 756 287 821 VIII.
324 755 418 821 Nunc
441 754 528 819 enim
551 754 694 837 sequitur
715 756 765 835 ut,
790 753 945 837 quoniam
967 755 1101 820 uirtutes

133 845 222 924 tuae,
256 839 468 905 Constantine
495 839 658 924 Auguste,
694 858 805 902 socero
833 837 1036 922 praedicari,
1066 842 1102 903 tu

134 947 273 1010 quoque,
302 925 378 990 lioet
400 925 520 1009 optime
543 923 641 1003 scias,
670 925 778 986 tamen
802 922 911 987 audias
934 923 1102 1006 quantita

134 1011 289 1094 principis
317 1012 408 1074 ornet
435 1008 588 1073 affinitas.
633 1005 685 1070 hio
708 1007 834 1090 estqui
855 1027 993 1090 nomen,
1022 1008 1103 1090 quod

96 1117 122 1159 ro
135 1096 260 1178 accepit
282 1117 300 1157 a
322 1095 380 1158 deo
402 1093 506 1177 princi
531 1114 547 1156 e
569 1091 697 1176 generis
719 1091 782 1172 sui,
806 1090 893 1157 dedit
914 1091 1025 1175 uobis,
1050 1092 1103 1176 qui

135 1201 169 1243 se
191 1178 378 1262 progeniem
401 1199 470 1241 esse
526 1176 640 1240 erculis
662 1196 728 1240 uon
751 1175 991 1241 adulationibus
1013 1176 1102 1241 fabu-
1137 1192 1141 1197 '

134 1264 226 1344 losis‚
255 1262 310 1325 sed
333 1262 477 1344 aequatis
504 1260 676 1324 uirtutibus
703 1260 935 1343 comprobauit.
979 1261 1035 1327 hio
1056 1262 1103 1325 ost

134 1346 189 1428 qui
216 1348 251 1408 in
275 1347 345 1426 ipso
374 1349 445 1409 ortu
472 1346 615 1409 numinis
641 1345 692 1442 sui
714 1344 836 1442 Gallias
857 1345 1004 1428 priorum
1025 1348 1102 1443 tem·

97 1535 122 1577 15
133 1428 1103 1610 eoarsesnastraaaff?tt?satum

133 1600 287 1664 traditum
315 1600 354 1665 de
379 1599 519 1682 antiquis
545 1598 790 1681 imperatoribus
817 1597 1009 1681 putabatur,
1041 1598 1104 1663 Ro·

134 1706 229 1749 mana
250 1688 341 1749 trans
356 1683 505 1749 Rhenum
528 1683 624 1767 signa
644 1682 766 1765 primus
784 1682 927 1747 barbaris
950 1682 1103 1767 gentibus

134 1769 254 1833 intulit.
300 1769 393 1832 huius
423 1790 495 1832 cum
522 1767 619 1831 fratre
647 1788 758 1830 rursus
786 1788 824 1830 ao
852 1768 981 1851 saepius
1010 1788 1103 1851 expe·

135 1851 310 1916 ditionibus
344 1853 464 1917 domita
492 1851 667 1915 Germania
701 1854 757 1915 aut
787 1851 865 1914 boni
898 1851 1041 1917 consulit
1068 1853 1104 1915 ut

96 1958 122 1998 ao
135 1936 277 2017 quiescat
298 1938 354 1999 aut
375 1937 512 1999 laetatur
533 1936 625 2018 quasi
647 1935 758 2017 amica,
782 1935 810 1999 si
831 1938 955 2018 pareat.
1000 1938 1037 2000 tu
1057 1935 1102 2000 fc-

133 2019 314 2083 rocissimos
342 2018 556 2083 Mauritaniae
583 2020 719 2102 populos
746 2019 917 2084 inaccessis
944 2018 1104 2085 montium

134 2102 218 2186 iugis
242 2107 274 2166 et
295 2103 433 2167 naturali
455 2103 634 2167 munitione
656 2103 790 2169 fidentes
813 2105 1026 2188 expugnasti,
1054 2125 1103 2168 re·

36 2222 38 2226 ·
135 2188 262 2271 cepisti,
297 2188 501 2253 transtulisti.
552 2191 584 2252 te
611 2190 715 2272 primo
748 2189 782 2253 in
825 2209 896 2253 essu
925 2191 983 2253 tuo
1009 2191 1105 2253 tanta

133 2272 272 2355 laetitia,
300 2276 390 2338 tanta
417 2273 599 2358 frequentia
626 2273 762 2356 populus
815 2294 949 2337 omanus
978 2273 1105 2357 excepit

95 2378 122 2419 25
135 2360 183 2440 ut,
223 2381 295 2423 oum
323 2362 355 2424 te
389 2359 429 2423 ad
458 2358 633 2442 Capitolini
660 2357 746 2422 Iouis
773 2358 931 2442 gremium
960 2357 1104 2423 uelocius

134 2443 218 2508 ferre
240 2444 381 2528 gestiret,
404 2444 578 2528 stipatione
600 2442 649 2508 sui
670 2441 725 2505 uix
748 2443 787 2506 ad
807 2445 916 2525 portas
937 2442 1029 2507 urbis
1052 2440 1104 2507 ad·

134 2529 287 2593 mitteret.
337 2533 369 2593 te
404 2550 513 2593 rursus
550 2527 700 2593 uicesimo
743 2547 829 2590 anno
864 2526 1104 2611 imperatorem,

135 2614 250 2674 octauo
287 2613 466 2691 consulem,
503 2613 550 2675 ita
583 2613 654 2695 ipsa
688 2611 837 2695 amplexu
873 2610 1012 2694 quodam
1048 2630 1105 2676 suo

134 2692 236 2756 Roma
266 2695 368 2757 uoluit
396 2695 539 2758 detinere
563 2697 600 2759 ut
620 2695 783 2760 uideretur
809 2695 962 2779 augurari
984 2696 1106 2761 iamet

95 2796 121 2837 oo
135 2775 248 2839 timere
270 2777 354 2860 quod
375 2777 496 2841 factum
519 2781 577 2842 est.
604 2778 726 2858 fuctum
742 2786 786 2846 est
807 2781 901 2858 enim,
925 2778 1105 2864 imperator

134 2863 277 3008 uetera?
313 2861 347 2924 in
375 2882 437 2945 quo
468 2883 532 2926 uuo
562 2864 723 2946 querelam
749 2865 795 2929 rei
824 2863 972 2948 publicae
1000 2885 1106 2949 paone

133 2965 251 3008 merum
268 2967 289 3008 1.

197 3029 254 3094 IX.
283 3030 369 3094 Audi
387 3031 504 3096 doloris
526 3032 628 3097 nostri
642 3033 777 3097 liberam
799 3053 921 3116 uocem,
944 3033 1105 3116 siquidem

202 3224 219 3271 4
236 3221 329 3272 uideor
347 3221 369 3268 Δ
386 3219 396 3285 η
414 3223 428 3270 7
447 3226 496 3271 tua
515 3220 581 3272 Con.
600 3222 633 3268 W
650 3219 660 3286 ΙΙ
678 3224 693 3272 8
713 3222 809 3286 quanti
828 3223 920 3285 Cura:
939 3236 1023 3285 quarn
1041 3224 1072 3271 Ι
1091 3220 1104 3287 {l

134 3291 150 3337 9
170 3290 240 3353 quod
255 3290 346 3354 Cosa:
365 3305 411 3339 om.
424 3290 451 3336 Μ
463 3305 530 3339 acce
550 3295 609 3339 tum
622 3302 646 3336 w
658 3286 668 3353 ΙΙ
683 3292 713 3338 10
726 3289 784 3339 suis
797 3290 814 3336 6
826 3287 836 3351 ΙΙ
852 3292 882 3339 lo
894 3290 964 3355 ipsis
974 3290 1107 3355 Jaeperua

136 3353 196 3429 Itlss
209 3354 279 3424 put]
294 3355 437 3407 uidebatur
444 3355 520 3406 Bert.
533 3306 588 3421 im
603 3357 749 3406 maritanie
762 3357 785 3404 Δ
794 3357 842 3405 BV
853 3355 864 3422 ΙΙ
876 3359 910 3407 24
921 3357 1035 3423 populis
1049 3374 1072 3413 r.
1083 3358 1107 3407 Α

135 3432 164 3502 12¹.
185 3421 209 3491 r¹.
225 3441 259 3488 W
274 3438 278 3505 Ι
293 3441 432 3491 Romanus
450 3455 496 3490 om.
515 3440 589 3491 Bert.
607 3439 666 3504 1125
684 3439 808 3490 uelocius
826 3442 921 3505 scripsi
932 3445 947 3491 1.
960 3444 977 3491 Ι.
995 3459 1023 3506 p.
1036 3444 1106 3494 218:

134 3503 181 3554 uel
193 3506 282 3556 oculis
291 3509 319 3555 H
331 3505 340 3571 ΙΙ
353 3510 386 3557 30
399 3506 502 3556 factum
515 3512 558 3558 est
571 3521 607 3556 w:
622 3524 667 3558 om.
679 3508 706 3556 1
719 3505 728 3572 ΙΙ
741 3510 774 3559 33
787 3507 922 3573 siquidem
934 3509 1020 3561 otiam
1032 3510 1105 3560 diw
