2406 4012
137 197 185 262 54
469 196 490 246 1.
529 194 558 246 c.
576 195 691 248 enrurr
708 195 789 250 rau.

139 370 217 412 narn
249 346 374 430 saepius
409 367 556 409 recusare
595 343 778 427 ambiguam
813 365 849 408 ac
883 346 996 428 potius
1030 347 1038 411 i

139 431 440 516 interpretationem
459 429 567 512 habet,
590 431 754 512 tamquam
774 429 934 492 minorem
949 433 1038 514 puter

139 516 268 600 quidem
289 518 326 579 ut
346 515 521 579 maximum
544 513 715 596 recusasti,
743 513 798 578 sed
829 513 892 577 hoo
922 536 1038 597 persua

138 601 261 666 nemini
288 600 418 683 poteris,
448 599 511 663 nisi
540 599 712 683 aliquando
745 601 778 662 et
804 619 870 661 non
904 620 1038 665 recusau

112 706 212 750 scum
241 706 342 768 arcus,
372 706 443 748 cum
471 683 638 768 trophaea,
669 705 741 747 cum
769 685 891 747 statuas
922 684 1038 768 deprec

138 769 310 834 tribuenda
333 772 382 833 est
397 769 607 834 uerecundiae
629 772 702 832 tuae
718 768 829 831 uenia:
852 767 909 831 illa
926 771 1015 834 enim

138 854 198 918 tibi
215 853 372 918 dicantur.
397 876 484 918 nunc
499 875 576 918 uero
598 853 799 936 postulamus
814 855 851 915 ut
872 853 1003 918 futuros
1025 878 1038 939 Ι

139 940 225 1024 cipes
254 938 368 1003 doceas
400 938 535 1003 inertiae
563 938 757 1020 renuntiare,
787 937 951 1022 paulisper
980 940 1038 1004 deb

138 1025 275 1108 differre,
300 1023 463 1107 paulisper
486 1026 518 1088 et
540 1022 655 1086 saltem
674 1023 714 1086 ad
736 1022 962 1086 breuissimum
985 1028 1038 1088 ten

100 1129 125 1168 ro
138 1131 177 1173 ex
200 1109 257 1172 illo
279 1109 444 1173 felicitatis
468 1128 580 1172 somno
595 1107 684 1170 uelut
698 1107 840 1189 excitari,
864 1107 999 1172 induere
1022 1132 1038 1193 p

133 1195 260 1257 textam
281 1214 387 1277 quam,
412 1213 483 1256 cum
506 1193 581 1256 dare
603 1195 749 1274 possent,
773 1192 976 1276 occuparint,
1002 1215 1038 1257 as

135 1278 210 1340 dere
241 1277 381 1340 curulem
413 1298 507 1360 quam
534 1276 715 1359 detineant,
755 1297 824 1340 csse
860 1276 998 1361 denique
1028 1301 1038 1362 c

135 1362 358 1444 concupierint
387 1382 445 1425 neo
468 1361 539 1425 ideo
561 1364 689 1425 tantum
710 1361 792 1425 uelle
814 1361 961 1426 consules
983 1363 1038 1428 fier

133 1444 265 1510 fuerint.
308 1446 438 1531 gessisti
475 1447 610 1511 alterum
647 1445 857 1530 consulatum,
895 1447 980 1511 scio:
1020 1449 1038 1512 il

96 1545 121 1587 15
135 1531 338 1610 exercitibus,
376 1531 469 1595 illum
503 1531 688 1615 prouinciis,
726 1530 817 1594 illum
854 1531 953 1595 etiam
992 1552 1038 1597 ern

134 1615 285 1700 gentibus
307 1616 427 1700 poteris
449 1617 620 1699 imputare,
642 1637 710 1679 non
724 1619 816 1699 potes
832 1616 937 1680 nobis.
962 1617 1038 1681 audi

157 1699 263 1764 uidem
285 1703 317 1763 tc
332 1722 426 1765 omne
447 1722 563 1765 munus
581 1699 720 1764 consulis
736 1701 849 1784 obisse,
872 1700 928 1764 sed
944 1703 1038 1766 audin

135 1722 249 1848 diceris
261 1785 455 1849 iustissimus
467 1785 716 1849 humanissimus
729 1785 984 1868 patientissimus
999 1787 1035 1850 fu

134 1867 190 1931 sed
207 1869 331 1932 diceris.
359 1891 497 1952 aequum
515 1872 563 1932 est
584 1869 755 1953 aliquando
770 1890 828 1934 nos
850 1869 970 1934 iudicio
985 1893 1038 1936 nos

97 1967 123 2007 20
137 1951 237 2014 oculis
260 1953 387 2036 nostris,
411 1974 478 2016 non
498 1953 604 2016 famae
627 1975 751 2037 semper
779 1956 811 2016 et
837 1955 1021 2019 rumoribus

136 2034 220 2098 dere.
270 2057 432 2120 quousque
466 2038 614 2102 absentes
644 2039 683 2102 de
712 2039 843 2102 absente
871 2039 1038 2122 gaudebin

134 2119 232 2183 liceat
254 2121 390 2203 experiri
414 2144 455 2185 an
479 2121 598 2207 aliquid
620 2123 786 2207 superbiae
808 2123 868 2186 tibi
890 2122 945 2186 ille
969 2125 1038 2206 ipse

136 2204 258 2269 cundus
281 2206 464 2271 consulatus
480 2206 637 2273 attulerit:
660 2208 796 2271 multum
818 2207 1037 2272 incommuta

134 2290 277 2353 moribus
300 2289 466 2356 hominum
482 2291 603 2356 medius
627 2313 729 2355 annus
745 2294 841 2374 ualet,
863 2293 899 2355 in
921 2293 1038 2377 princi]

96 2388 122 2428 2⁵
134 2374 216 2458 plus.
246 2375 414 2441 didicimus
437 2377 573 2462 quidem,
597 2377 647 2441 cui
669 2377 771 2440 uirtus
793 2376 898 2459 aliqua
922 2379 1039 2442 contin

135 2480 247 2524 omnes
270 2465 389 2527 inesse:
413 2463 556 2546 cupimus
578 2465 688 2525 tamen
702 2460 839 2544 experiri
862 2483 905 2523 an
927 2481 1038 2526 nunc*

134 2566 196 2626 que
223 2567 288 2608 una
316 2546 489 2630 eademque
517 2568 568 2611 res
594 2547 636 2610 sit
662 2547 766 2609 bonus
796 2545 907 2608 consul
935 2548 969 2608 et
1005 2547 1038 2609 b<

134 2628 294 2710 princeps.
347 2651 424 2692 nam
450 2634 577 2713 praeter
604 2630 637 2692 id
665 2629 748 2714 quod
781 2632 830 2692 est
864 2628 1002 2693 arduum
1034 2656 1038 2690 ι

136 2709 231 2773 simul
258 2732 370 2794 capere
399 2716 575 2795 potestates
604 2735 718 2798 casque
747 2735 896 2797 summas,
925 2716 998 2777 tum
1025 2717 1037 2778 i

98 2794 262 2878 socerique
289 2817 355 2860 non
383 2796 472 2860 nulla
499 2797 674 2880 diuersitas,
705 2820 777 2862 cum
803 2798 988 2881 prinoipem
1013 2821 1038 2882 q

205 2984 220 3032 7
239 2999 312 3034 nunc
329 3001 393 3037 uero
411 2987 531 3051 Lipsius:
558 3003 619 3038 curn
636 3004 703 3039 uero
720 2991 748 3037 Η
771 2988 907 3039 enimuero
932 2991 1038 3042 Liuinei

137 3049 153 3100 8
171 3049 314 3116 paulisper
330 3051 445 3104 delicias
464 3054 571 3106 differre
591 3072 637 3111 om,
656 3057 676 3104 B
695 3058 718 3103 V
741 3053 751 3122 11
776 3058 807 3106 10
824 3058 942 3108 excitari
960 3059 1038 3109 Liuia

138 3119 257 3169 excitati
273 3121 301 3167 rt
319 3121 457 3172 excitatos
476 3137 492 3188 ς
521 3120 531 3189 11
562 3125 593 3173 11
617 3139 698 3189 quam
721 3122 788 3173 dare
811 3127 920 3188 possint
944 3141 1007 3175 cum
1031 3144 1038 3176 ‹

137 3187 231 3250 parint
251 3187 280 3238 G.
299 3187 336 3241 H.
354 3187 523 3252 Sohaemus,-
551 3207 631 3257 quam
657 3197 688 3243 ut
711 3191 777 3241 dare
804 3196 919 3256 possent
944 3209 1038 3260 occup,

139 3253 265 3320 Gloripr‘us
284 3269 308 3319 q.
324 3255 385 3305 cd.
403 3259 513 3321 possint
531 3274 595 3310 occu
617 3264 665 3310 ent
677 3260 815 3310 umerum
827 3257 837 3325 11
852 3263 883 3310 12
901 3258 973 3325 esse]
993 3277 1036 3312 om

138 3317 151 3384 11
172 3322 204 3371 13
224 3323 421 3388 concupierunt
432 3327 468 3385 H,
487 3342 555 3380 corr.
568 3342 583 3392 ς
596 3277 652 3392 115
670 3328 790 3378 caeteris
808 3325 849 3393 011
863 3330 894 3378 17
913 3329 1038 3380 odisset

137 3391 332 3453 experiri-26
345 3393 468 3456 cupimus
481 3398 575 3444 tamen
587 3410 633 3446 om.
642 3395 691 3442 BV
703 3391 713 3461 11
726 3397 759 3445 25
772 3395 886 3446 dicimus
899 3398 935 3460 H,
947 3412 1018 3450 corr.
1030 3402 1038 3448 t

140 3450 143 3516 1
163 3468 223 3504 cum
234 3459 348 3509 uirtutis
364 3458 457 3524 aliqua
471 3463 636 3528 contingant
649 3465 666 3511 0
679 3461 734 3529 1128
747 3462 817 3513 duas
830 3479 933 3529 easque
948 3466 981 3518 si.
995 3480 1037 3518 ca.

138 3534 256 3573 summas
274 3526 310 3587 lt,
329 3530 484 3591 transposui.
504 3529 572 3583 duas
591 3546 694 3598 easque
713 3545 833 3584 summas
852 3531 884 3583 si.
903 3547 942 3583 ca.
961 3537 1038 3596 pot<
