2406 4012
1077 186 1083 197 ,
1153 39 1201 261 :r

189 218 252 282 302
512 219 573 269 x11.
603 218 735 270 PAcATI
755 219 833 270 ran.

189 370 330 433 fluminis
359 368 493 433 altitudo
520 372 681 433 remorata
703 368 746 432 sit
767 369 861 452 quin,
893 371 929 431 ut
951 371 1022 432 erat
1048 390 1087 433 ex
1109 370 1159 434 iti-

190 476 266 518 nere
288 455 475 537 longissimo
497 453 631 541 anbelus
653 457 749 536 atque
763 452 949 535 puluerem,
974 474 1074 537 equos
1098 455 1158 518 cal-

190 540 315 603 caribus
338 539 502 620 incitaret,
527 559 653 601 amnem
676 537 781 601 nando
804 538 1031 622 coniungeret,
1054 538 1158 622 ripam

189 623 341 704 insiliret,
382 626 510 705 paratos
549 622 684 704 denique
724 624 991 705 expectantesque
1025 622 1160 706 depren-

164 707 287 774 sderet.
332 727 435 770 sermo
462 707 523 770 istc
545 706 701 790 prolixior
729 709 778 770 est
805 728 901 789 quam
928 706 984 770 illa
1010 728 1062 770 res
1085 708 1157 772 fuit.

189 793 243 854 uix
270 791 404 854 fluuium
437 813 550 855 manus
577 792 700 855 inuicta
727 793 913 854 transierat:
957 791 1024 854 iam
1052 792 1159 856 locum

189 876 265 939 belli
287 875 429 939 tenebat.
473 877 527 939 uix
548 875 674 939 hostem
694 876 878 938 inuenerat:
901 876 966 938 iam
990 877 1159 959 urguebat.

189 961 243 1023 uix
265 964 394 1044 pectora
416 960 554 1024 uiderat:
581 961 646 1022 iam
668 962 760 1043 terga
782 959 945 1024 caedebat.
990 959 1086 1023 datur
1108 962 1159 1026 de·

189 1045 257 1109 bito
278 1045 396 1109 rebelle
419 1067 536 1130 agmen
559 1044 668 1123 exitio,
691 1043 865 1107 uoluuntur
886 1043 1006 1127 impiae
1029 1044 1064 1108 in
1087 1067 1158 1109 san-

151 1130 287 1213 laguine
317 1151 372 1193 suo
398 1130 525 1211 turbae,
559 1130 642 1212 tegit
669 1131 753 1192 totos
780 1131 905 1212 strages
932 1151 1000 1192 una
1029 1149 1159 1213 campos

190 1215 412 1296 continuisque
434 1213 599 1277 funeribus
625 1215 740 1276 cuncta
762 1213 825 1277 late
847 1213 1047 1295 operiuntur.
1094 1214 1160 1278 iam

210 1298 243 1371 ui
278 1297 316 1360 ad
345 1319 453 1361 muros
480 1297 654 1360 differenda
689 1302 790 1361 morte
818 1302 1076 1381 properauerant
1105 1302 1161 1362 aut

188 1319 292 1444 fossas
316 1380 520 1445 cadaueribus
543 1382 725 1463 aequabant
750 1385 806 1445 aut
828 1381 931 1446 obuiis
954 1381 1089 1446 sudibus
1111 1385 1158 1446 in·

189 1464 369 1528 duebantur
402 1468 457 1529 aut
484 1468 591 1548 portas
625 1487 702 1550 quas
735 1467 901 1549 eruptione
934 1466 1159 1549 patefecerant

152 1572 176 1612 15
189 1553 291 1613 morte
326 1551 526 1618 claudebant.
572 1554 605 1614 at
633 1571 768 1633 quorum
798 1572 830 1614 se
858 1551 954 1634 fugae
982 1551 1158 1634 imperuius

189 1635 267 1717 ripis
295 1635 397 1698 amnis
425 1635 558 1717 obiecit,
589 1635 777 1718 trepidando
806 1635 931 1699 collecti
959 1639 993 1699 et
1021 1637 1157 1700 alterum

190 1720 259 1802 quis
283 1742 322 1783 ue
345 1720 501 1803 complexi
523 1741 580 1803 per
602 1719 739 1803 abrupta
761 1720 992 1804 glomerantur.
1029 1725 1158 1804 spumat

191 1741 318 1867 decolor
355 1825 466 1868 cruore
497 1804 613 1868 fluuius
651 1805 682 1868 ct
715 1807 903 1868 cunctantes
939 1807 1067 1870 meatus
1104 1806 1157 1870 nix

190 1888 340 1950 eructabis
374 1889 581 1952 cadaueribus
615 1889 736 1952 euoluit
764 1891 861 1972 utque
892 1911 926 1953 se
958 1888 1020 1953 tibi
1050 1893 1158 1973 posset

69 1982 71 1987 “
151 1993 175 2030 20
190 1971 321 2052 speciali
349 1972 506 2054 imputare
535 1972 666 2052 militia,
701 1973 806 2056 ipsum
834 1973 925 2036 illum
952 1973 1156 2038 uexillarium

189 2054 362 2138 sacrilegae
394 2057 543 2119 factionis
576 2057 676 2120 auidis
706 2058 888 2142 gurgitibus
921 2057 1096 2137 absorbuit¹
1117 2063 1157 2143 et,

191 2160 230 2202 ne
254 2140 349 2202 morti
378 2141 541 2223 sepultura
564 2142 783 2226 contingeret,
813 2142 949 2206 cadauer
976 2142 1155 2208 abscondit.

189 2245 297 2287 nonne
313 2228 444 2308 utroque
465 2226 640 2290 credendus
654 2229 728 2290 tuae
751 2227 909 2290 studuisse
926 2226 1105 2312 uindictae,
1126 2231 1158 2293 et

190 2308 370 2373 adiuuando
392 2310 560 2374 uictoriam
584 2314 616 2375 et
637 2311 823 2394 occupando
845 2311 1074 2376 clementiam?

151 2414 176 2453 aa
254 2393 387 2459 XXXV.
442 2394 495 2458 En
527 2396 586 2459 tibi
620 2395 753 2459 alteram
803 2416 925 2479 ugnam
958 2396 1157 2480 alteramque

188 2477 366 2542 uictoriam.
396 2478 527 2544 dilectas
549 2481 584 2543 in
605 2480 759 2563 proelium
779 2419 986 2544 llarcellinus
1010 2481 1157 2546 cohortes

190 2564 221 2624 et
248 2562 353 2645 ipsum
380 2563 531 2628 factionis
565 2564 707 2628 nefariae
735 2563 832 2628 robur
859 2565 916 2628 illa
943 2564 1021 2629 belli
1052 2565 1156 2630 ciuilis

188 2645 341 2728 Megaera
361 2650 513 2730 rapiebat,
536 2652 628 2713 tanto
645 2650 757 2713 ceteris
778 2649 969 2712 satellitibus
988 2649 1157 2714 audentior

188 2733 308 2810 quanto
338 2732 525 2794 exertiorem
553 2754 682 2816 operam
715 2734 858 2798 nauabat
885 2736 1028 2816 tyranno
1057 2734 1156 2798 frater

150 2833 175 2874 ao
189 2813 327 2894 tyranni.
373 2834 434 2897 quo
484 2815 589 2880 uidem
616 2819 754 2883 maxime
777 2822 850 2882 tuus
877 2818 1040 2901 gaudebat
1069 2840 1154 2883 exer-

189 2897 284 2981 citus,
308 2919 379 2961 cum
402 2920 435 2963 se
457 2836 542 2963 dltro
565 2901 688 2966 uideret
709 2903 830 2967 lacessi.
868 2902 921 2985 qui
944 2902 1028 2966 nihil
1050 2902 1154 2987 magis

188 2982 338 3047 timuerat
365 3004 459 3066 quam
486 2985 607 3069 timeri,
642 2986 720 3051 adeo
750 2987 877 3070 quidem
909 2989 947 3049 ut
973 2988 1089 3051 castris
1116 2986 1154 3051 ad

257 3209 269 3256 1
289 3209 325 3256 ait
344 3208 416 3256 edd„-
435 3208 490 3257 sint
502 3210 529 3255 Μ
544 3205 548 3272 Ι
565 3224 598 3258 ex
616 3209 775 3272 longissimo
793 3210 891 3259 itinere
909 3209 1039 3258 BGVW
1051 3208 1092 3274 [14
1108 3224 1152 3275 pu·
1198 3246 1201 3255 .

187 3279 263 3324 ratos
280 3275 303 3323 A
321 3274 324 3332 l
338 3274 552 3339 deprehenderet
569 3277 698 3325 ΜΠ
719 3274 729 3340 ΙΙ
751 3278 766 3326 5
784 3277 839 3327 fuit
856 3278 1004 3327 Acidaliae.-
1026 3276 1112 3327 fuerit
1126 3274 1151 3325 Ι

190 3339 200 3405 ll
225 3344 240 3390 8
259 3341 379 3392 debitore
397 3342 467 3392 belle
486 3344 509 3392 A
526 3343 645 3394 debitore
663 3343 731 3394 belli
748 3346 841 3407 ΒΗ,
863 3360 930 3395 corr.
949 3358 974 3391 w
998 3342 1008 3409 ΙΙ
1033 3347 1066 3394 10
1084 3349 1150 3394 stra·

187 3412 229 3473 gis
248 3411 270 3457 A
287 3407 297 3474 ΙΙ
317 3411 347 3459 lt
365 3411 513 3473 imparinuc
531 3412 553 3460 A
570 3408 580 3476 ΙΙ
603 3414 633 3461 19
651 3412 780 3463 eluctatis
797 3415 833 3475 n,
852 3428 921 3463 corr.
943 3412 1151 3476 reparandarum

188 3473 200 3539 ll
220 3478 253 3526 20
271 3477 432 3527 uexillarum
449 3476 593 3543 Aacvu
614 3482 646 3529 22
665 3481 744 3529 morti
762 3480 854 3545 Cnsps
872 3480 967 3530 mortis
979 3479 1008 3527 Ι
1024 3477 1034 3545 ΙΙ
1055 3481 1088 3529 26
1105 3479 1149 3529 da·

187 3542 319 3592 lactasti
338 3544 441 3595 deletas
460 3559 484 3593 w
505 3544 515 3610 l
536 3548 568 3596 29
587 3548 752 3598 exerciorem
769 3550 805 3613 n,
826 3549 1020 3599 execratiorem
1038 3560 1064 3596 w
