2406 4012
222 104 473 157 consciamne
492 105 662 157 accusso
680 106 715 157 n.
738 108 846 157 15-17.
956 104 1019 171 205

41 278 110 323 nas
138 254 303 320 obsidione
330 254 482 319 differret.
526 255 643 338 quippe
672 255 759 319 omni
786 255 898 320 Africa
924 277 1019 338 quam

45 343 159 407 delere
180 342 336 404 statuerat
351 338 515 420 exhausta,
539 340 687 403 omnibus
705 340 818 404 insulis
834 341 1019 423 exinanitis,

46 425 172 491 infiniti
198 424 353 507 temporis
380 445 542 487 annonam
569 427 783 509 congesserat.
828 425 885 487 sed
911 425 1021 488 diuina

47 531 145 575 mens
173 511 207 573 et
232 508 333 593 ipsius
361 509 449 572 urbis
477 512 607 572 aeterna
634 511 783 572 maiestas
814 510 938 573 nefario
965 509 1021 573 ho·

48 594 135 659 mini
161 593 306 677 eripuere
334 592 520 673 consilium,
555 596 591 656 ut
613 615 652 656 ex
673 595 854 657 inueterato
880 594 936 657 illo
958 597 1048 658 tor-5

50 699 131 763 pore
159 698 198 742 ac
224 676 417 741 foedissimis
445 677 576 741 latebris
609 678 714 741 subito
742 681 963 761 prorumperet
991 681 1023 742 et

52 763 246 846 consumpto
267 783 325 844 per
340 761 476 826 desidias
499 762 652 825 sexennio
674 763 781 844 ipsum
797 763 881 826 diem
903 763 1022 826 natalis

10 882 16 901 κ
52 848 105 911 sui
125 846 240 911 ultima
261 867 319 909 sua
340 845 435 910 caede
458 847 612 929 signaret,
635 867 677 908 ne
699 847 914 928 septenarium
933 847 1024 909 illum
1119 842 1122 847 ’

53 952 225 997 numerum
251 951 376 994 sacrum
403 933 436 993 et
462 930 648 1014 religiosum
674 930 727 993 uel
749 929 930 994 inchoando
958 931 1023 993 uio-

53 1016 146 1081 laret.
174 1017 209 1077 at
230 1014 388 1097 quomodo
410 1014 563 1078 instruxit
585 1015 687 1078 aciem
703 1017 752 1078 tot
775 1036 932 1078 annorum
954 1036 1023 1078 uer·
1037 1039 1062 1078 io

54 1101 134 1165 nula
154 1099 370 1182 purpuratus?
415 1099 461 1163 ita
485 1120 616 1182 prorsus
644 1099 778 1183 nequis
807 1100 955 1183 euadere,
984 1121 1024 1163 ne

56 1184 139 1268 quis,
161 1185 199 1246 ut
211 1183 259 1265 fit,
282 1183 353 1247 loco
376 1186 482 1247 motus
504 1184 624 1247 referre
643 1184 778 1268 gradum
801 1188 834 1248 et
846 1185 1025 1248 instaurare

54 1267 213 1353 proelium
233 1271 350 1351 posset,
374 1289 446 1332 cum
469 1290 488 1331 a
508 1267 615 1332 fronte
637 1269 745 1351 armis,
768 1291 788 1332 a
808 1272 900 1353 tergo
917 1269 1026 1334 Tiberi

55 1373 151 1417 amne
173 1356 380 1435 premeretur.
425 1353 460 1416 in
483 1374 545 1436 quo
566 1352 621 1416 ille
649 1375 715 1417 non
737 1352 918 1417 mehercule
941 1355 1025 1437 cogi-

55 1438 141 1501 tauit
162 1437 387 1502 necessitatem
408 1437 589 1519 resistendi,
613 1437 668 1501 sed
683 1437 956 1520 propinquitatem
978 1459 1024 1501 re·
1039 1460 1064 1501 15

56 1520 220 1605 fugiendi,
248 1522 321 1594 nisi¹
334 1522 419 1586 forte
446 1524 512 1586 iam
540 1522 682 1585 sentiens
705 1521 789 1584 diem
817 1521 878 1584 sibi
899 1521 1026 1583 uenisse

57 1606 191 1671 fatalem
219 1605 260 1669 ad
282 1607 433 1671 solatium
460 1627 535 1670 suae
563 1606 676 1670 mortis
701 1606 803 1669 uoluit
830 1627 937 1669 seeum
964 1609 1027 1668 tra-

56 1688 136 1755 here
158 1712 254 1774 quam
270 1692 437 1774 plurimos,
460 1695 497 1754 ut
518 1711 627 1754 omnes
651 1692 760 1754 essent
781 1690 884 1754 exitus
906 1690 956 1753 sui
976 1711 1027 1753 co-

56 1775 155 1839 mites
176 1776 230 1858 qui
253 1775 408 1849 scelerum
429 1774 601 1858 participes
624 1775 814 1838 extitissent.
842 1774 919 1857 quid
941 1774 1026 1838 euim

57 1859 148 1923 aliud
169 1859 261 1922 illum
282 1881 426 1943 sperasse
455 1860 648 1923 credendum
671 1859 742 1923 est?
787 1859 841 1942 qui
864 1860 928 1923 iam
952 1863 1027 1923 ante
1041 1882 1067 1921 ao

57 1943 192 2007 biduum
213 1944 333 2026 palatio
357 1945 570 2028 emigrauerat
590 1950 619 2009 et
640 1966 712 2008 cum
733 1965 830 2007 uxore
852 1965 889 2008 ac
904 1944 970 2008 filio
994 1945 1028 2007 iu

57 2028 220 2113 priuatam
252 2028 381 2092 domum
415 2032 530 2112 sponte
564 2031 781 2111 concesserat,
817 2031 854 2091 ut
885 2050 935 2092 res
969 2031 1028 2107 est,

57 2113 194 2179 somniis
215 2113 412 2177 terribilibus
439 2114 579 2197 agitatus
607 2115 640 2176 et
661 2112 827 2177 nocturnis
848 2113 960 2194 pulsus
983 2111 1029 2173 ul·

57 2197 210 2279 tricibus,
236 2200 272 2261 ut
292 2200 328 2261 tu
350 2198 414 2261 iam
437 2198 514 2262 olim
537 2200 722 2280 expectatus
745 2196 910 2259 habitator
931 2195 1029 2257 sacris

58 2280 126 2345 illis
148 2281 280 2346 aedibus
303 2281 357 2345 diu
379 2283 510 2346 exalatis
533 2281 732 2363 expiatisque
760 2279 954 2343 succederes.
999 2281 1069 2341 etas

59 2366 141 2431 adeo
163 2366 233 2450 ipse
260 2387 371 2429 uerum
398 2367 460 2430 sibi
482 2366 606 2429 dixerat
634 2368 667 2428 et
688 2367 824 2428 uenturo
846 2363 907 2427 tibi
931 2384 1030 2426 cesse-

59 2453 121 2533 rat,
140 2451 288 2598 puamuis
311 2452 345 2515 in
363 2450 518 2535 proelium
540 2449 762 2534 ingrederetur
784 2452 933 2531 armatus,
958 2470 1031 2511 cum

61 2555 139 2599 exce
162 2536 244 2598 eudo
268 2537 387 2619 palatio
410 2536 475 2598 iam
497 2556 531 2599 se
553 2534 731 2598 abdicasset
753 2533 897 2618 imperio.

133 2618 238 2684 xvii.
288 2621 340 2683 Ad
367 2620 505 2704 primum
533 2619 633 2704 igitur
663 2622 827 2704 aspectum
854 2618 1032 2684 maiestatis

62 2706 137 2767 tuae
151 2704 352 2787 primumque
374 2705 529 2789 impetum
543 2705 641 2768 totius
656 2706 704 2769 tui
727 2705 859 2769 uictoris
874 2704 1032 2768 exercitus
1045 2723 1071 2764 eo

62 2786 173 2852 hostes
199 2788 304 2852 territi
331 2790 498 2874 fugatique
531 2793 563 2853 et
592 2790 752 2872 angustiis
780 2788 895 2852 Muluii
923 2787 1033 2871 pontis

133 2960 149 3010 5
162 2976 275 3024 corpore
287 2963 309 3009 A
321 2958 331 3025 ΙΙ
344 2964 359 3011 7
373 2963 505 3011 sexennio
515 2962 652 3010 Peiuuius:
665 2961 742 3010 senio
755 2962 783 3007 Μ
795 2956 805 3023 ΙΙ
818 2961 834 3009 9
846 2958 892 3009 uel
904 2974 950 3007 om.
962 2959 1006 3005 cv
1021 2958 1032 3019 ta

64 3028 98 3077 10
110 3023 402 3094 anuorum]a1morum
414 3043 448 3092 m,
461 3029 670 3093 Eyssenhardtar
683 3025 692 3091 ss
706 3029 738 3076 12
752 3032 782 3076 ut
794 3026 862 3076 sitA
874 3024 884 3091 [Ι
898 3028 929 3076 13
941 3031 1036 3089 posset

64 3107 104 3143 w:
123 3097 213 3159 possit
224 3098 253 3144 1
267 3096 272 3161 Ι
288 3097 378 3160 tyberi
396 3112 477 3146 amne
490 3110 527 3144 w:
547 3095 650 3146 tiberid
662 3110 697 3144 ne
710 3096 731 3143 A
750 3095 858 3145 tiberim
870 3109 905 3143 ne
919 3094 940 3140 V
952 3093 1036 3141 tiberi

63 3176 99 3211 ne
117 3164 136 3210 (i
152 3163 246 3214 Tiberi
262 3165 373 3213 flumina
392 3166 450 3216 edd.
465 3165 469 3226 Ι
486 3164 623 3214 Tiberi-
637 3162 774 3226 cogitauit
791 3179 838 3212 om.
856 3159 946 3225 131114
963 3161 1035 3223 cogi-

65 3232 139 3281 tauit
156 3232 177 3280 B
189 3233 208 3281 0
219 3234 243 3281 V
254 3246 292 3281 w:
313 3225 448 3297 cogitabit
466 3233 488 3279 A
500 3228 511 3296 ΙΙ
528 3233 559 3280 16
578 3230 649 3279 diem
668 3244 705 3280 w:
723 3231 792 3280 idem
809 3231 837 3277 Μ
850 3227 859 3293 ΙΙ
876 3231 907 3278 21
927 3233 956 3279 et
974 3230 1035 3278 add.

64 3300 141 3349 edd:
159 3315 206 3349 om.
224 3302 252 3349 At
269 3298 280 3365 ΙΙ
301 3302 333 3350 23
352 3301 465 3349 somniis
482 3301 591 3363 scripsi:
610 3299 697 3348 omnis
714 3300 742 3346 Μ
760 3298 840 3346 furiis
858 3310 882 3344 w
901 3295 1037 3347 ominibus

64 3368 202 3418 Acidaliae
214 3365 224 3433 ΙΙ
237 3370 270 3419 26
287 3368 376 3417 uirum
388 3368 409 3415 A
422 3365 432 3432 ss
445 3369 478 3417 30
490 3368 576 3417 toties
588 3366 629 3414 tui
641 3367 725 3416 Liuia
740 3363 750 3431 il
763 3368 794 3416 31
814 3364 941 3431 angustis
953 3364 1004 3413 AB
1015 3367 1037 3413 V

68 3434 74 3497 Ι
93 3434 192 3485 muluii
210 3436 264 3484 As
277 3437 310 3484 V:
330 3434 417 3485 miluii
436 3437 453 3484 (i
471 3435 567 3485 moluii
584 3447 609 3481 w
625 3434 629 3499 Ι
645 3436 747 3499 pontiis
765 3434 786 3481 li
799 3434 820 3480 V
838 3434 942 3498 ponciis
960 3434 983 3480 A
