2406 4012
193 208 255 272 134
518 210 550 259 v.
577 206 728 259 inunum
746 206 828 259 PAN.

190 358 306 423 uitium
328 378 387 421 nec
409 356 487 440 ipsis
509 358 635 420 tantum
652 354 792 419 fauoniis
815 357 848 418 et
868 355 940 419 luce
962 354 1075 419 sedata
1093 355 1148 421 lae

190 447 260 506 tum
282 444 378 525 atque
394 440 576 505 uenerabile
597 444 753 523 quantum
774 443 848 503 ortu
862 438 1040 504 Caesarum
1060 440 1150 505 maxi·
1173 442 1176 447 '

190 528 330 591 morum!
359 548 378 589 ο
399 528 525 608 tempus
548 545 610 608 quo
631 525 745 588 merito
767 523 928 608 quondam
950 525 1061 588 omnia
1082 528 1151 589 nata
1183 538 1188 548 '

191 632 260 675 esse
295 610 480 692 credantur,
516 631 588 674 cum
624 608 734 672 eodem
768 628 854 671 nune
888 608 1081 673 confirmata
1111 611 1150 673 ui·
1186 670 1189 675 .

165 695 337 759 adeamus!
382 693 580 757 okalendae
601 693 752 775 Martiae,
781 692 876 756 sicuti
903 692 982 756 olim
1002 714 1152 758 annorum
1187 719 1195 777 ,Ι

190 778 404 860 uoluentium,
436 779 483 841 ita
511 798 598 841 nunc
626 781 827 841 aeternorum
854 778 1000 873 auspices
1026 778 1152 861 impert·
1188 782 1195 833 ’ἶ

190 864 314 927 torum!
338 865 458 946 quanta
480 862 574 944 enim,
598 860 800 925 inuictissimi
817 862 991 945 princrpes,
1014 864 1050 926 et
1070 862 1153 927 uobis
1188 862 1195 905 ‘¹

191 951 223 1011 et
244 948 291 1011 rei
313 947 459 1031 publicae
482 947 607 1011 saecula
624 945 809 1029 propagatis
832 946 919 1009 orbis
941 947 1045 1010 uestri
1065 946 1153 1030 parti
1189 992 1192 1001 ·

192 1031 327 1116 cipando
350 1031 507 1096 tutelam?
546 1031 634 1094 euius
657 1028 732 1093 licet
754 1031 837 1093 esset
863 1030 951 1094 omni
974 1030 1071 1095 hoste
1091 1050 1154 1115 per·
1192 1098 1195 1117 Ι

152 1135 178 1174 ro
192 1117 312 1179 domito
337 1118 422 1179 certa
444 1115 606 1197 securitas,
629 1114 745 1177 nimios
761 1118 871 1177 tamen
891 1115 927 1177 in
951 1114 1080 1179 diuersa
1099 1115 1155 1178 dis·

191 1221 302 1263 cursus
324 1199 376 1261 uel
397 1198 565 1263 reuisenda
587 1198 748 1280 poscebat.
791 1197 911 1261 Partho
934 1199 1056 1282 quippe
1076 1198 1155 1263 ultra

190 1282 314 1366 Tigrim
335 1283 464 1345 redacto
470 1331 479 1365 ,
503 1282 603 1344 Dacia
624 1282 790 1363 restituta,
817 1284 974 1365 porrectis
996 1304 1100 1367 usque
1120 1282 1156 1348 ad

190 1366 330 1430 Danuuii
357 1370 453 1449 caput
476 1366 666 1431 Germaniae
688 1365 803 1430 Raetia
844 1387 884 1429 ue
907 1367 1082 1450 limitibus,
1109 1367 1156 1431 de·
1190 1410 1194 1415 -

191 1450 311 1514 stinata
326 1450 478 1515 Batauiae
493 1450 742 1534 Britanniaeque
764 1388 917 1530 uiddicta,
940 1452 1157 1535 gubernacula
1189 1458 1193 1463 '

153 1552 178 1592 1⁵
191 1535 312 1599 maiora
356 1536 509 1600 uaerebat
535 1538 628 1599 ancta
654 1537 748 1618 atque
777 1535 925 1619 augenda
946 1556 999 1599 rea
1022 1536 1157 1620 publiea,

192 1624 234 1701 et,
257 1620 311 1704 qui
332 1557 496 1684 domanae
518 1619 681 1703 potentiae
703 1620 858 1683 terminos
880 1619 999 1684 uirtute
1021 1620 1157 1705 protule-

191 1708 279 1786 rant,
303 1705 472 1788 imperium
493 1705 560 1770 filio
582 1704 701 1788 pietate
724 1703 891 1768 debebant.

254 1787 310 1852 IV.
339 1788 381 1852 Et
401 1810 477 1853 sane
499 1793 625 1872 praeter
645 1808 737 1851 usum
760 1809 930 1872 curamque
951 1788 1158 1871 reipublicae

193 1872 288 1934 etiam
310 1871 366 1934 illa
381 1872 466 1936 louis
489 1876 521 1936 et
536 1871 684 1937 Herculis
700 1876 838 1956 cognata
853 1872 1003 1937 maiestas
1019 1873 1057 1938 in
1071 1874 1158 1939 Ionio

153 1953 407 2037 roHerculioque
429 1956 626 2038 principibus
648 1956 747 2019 totius
775 1957 886 2020 mundi
913 1956 1158 2055 caelestiumque

191 2058 297 2101 rerum
314 2037 555 2102 similitudinem
571 2040 763 2123 requirebat.
792 2041 910 2125 quippe
932 2042 996 2105 isto
1017 2043 1159 2107 numinis

191 2122 291 2184 uestri
318 2142 453 2186 numero
481 2146 605 2188 summa
633 2124 740 2188 omnia
767 2125 916 2190 nituntur
944 2128 978 2189 et
998 2127 1158 2210 gaudent:

192 2206 350 2270 elementa
380 2210 530 2290 quattuor
565 2212 597 2273 et
624 2208 759 2272 totidem
791 2209 866 2273 anni
895 2209 983 2275 uices
1014 2214 1050 2276 et
1077 2211 1159 2275 orbis

191 2292 417 2374 quadrifariam
454 2293 573 2376 duplici
611 2292 766 2356 discretus
806 2314 924 2357 oceano
962 2297 996 2358 et
1032 2315 1159 2360 emenso

153 2392 178 2432 25
191 2379 304 2458 quater
332 2378 420 2442 caelo
447 2378 549 2442 lustra
575 2377 741 2441 redeuntia
769 2380 802 2441 et
845 2378 997 2463 uadrigae
1024 2379 1102 2443 solis
1129 2382 1160 2443 et

191 2461 314 2524 duobus
342 2463 422 2526 caeli
445 2463 618 2527 luminibus
648 2461 790 2526 adiunct'
814 2399 938 2546 desper
967 2464 1000 2526 et
1022 2462 1157 2528 Lucifer.

192 2544 246 2607 sed
269 2567 372 2628 neque
395 2546 443 2610 sol
459 2547 528 2629 ipse
550 2568 654 2629 neque
678 2548 793 2610 cuncta
810 2545 914 2610 sidera
935 2546 1097 2613 humanas
1111 2568 1159 2613 res

190 2629 259 2689 tam
286 2632 439 2710 perpetuo
462 2630 583 2693 lumine
611 2631 778 2694 intuentur
805 2651 901 2713 quam
929 2632 1158 2713 neamenim,

191 2708 246 2789 qui
268 2710 337 2772 sine
358 2711 424 2773 ullo
451 2710 519 2774 fere
541 2712 723 2777 discrimine
746 2714 868 2778 dierum
895 2737 934 2780 ac
956 2717 1103 2782 noctium
1125 2717 1159 2781 il-

152 2809 178 2849 ao
191 2790 336 2854 lustratis
370 2794 478 2858 orbem
514 2795 672 2879 salutique
704 2799 849 2882 gentium
882 2821 948 2863 non
980 2798 1031 2864 bis
1066 2800 1160 2866 modo

191 2875 305 2958 quibus
334 2876 530 2943 immortales
556 2880 664 2944 uultus
692 2883 793 2947 uestri
819 2884 947 2968 uigent,
978 2884 1036 2948 sed
1059 2886 1159 2950 multe

260 3049 273 3097 1
293 3048 411 3099 fauoniis
429 3053 502 3101 cdd:
526 3052 637 3102 fauonie
654 3055 682 3100 Μ
700 3051 826 3117 (fationis
843 3055 888 3119 W)
908 3054 912 3117 Ι
939 3055 1037 3107 sedatu
1053 3058 1161 3121 arripui:

191 3119 283 3165 serata
295 3118 322 3164 ΙΙ
340 3131 438 3166 serena
450 3122 490 3167 uel
502 3124 630 3170 serenata
642 3123 700 3171 edd.
719 3119 729 3185 ΙΙ
746 3124 762 3170 4
783 3121 855 3171 conf.
868 3123 891 3169 A
903 3122 994 3173 Berr:
1013 3124 1089 3175 conf.
1101 3138 1161 3176 esee

190 3190 250 3233 cett.
270 3180 312 3248 118
331 3184 444 3234 saecula
462 3186 494 3233 W
505 3186 594 3237 Bert:
613 3187 698 3237 seculi
716 3190 739 3236 A
757 3205 803 3239 om.
821 3189 906 3237 Bcv
921 3190 925 3251 Ι
941 3192 1106 3257 propagatis
1123 3205 1160 3240 w:

190 3253 340 3315 propagati
351 3252 378 3298 Μ
391 3252 464 3301 Bert.
488 3251 493 3318 Ι
510 3256 526 3303 9
545 3259 620 3305 esset
631 3257 654 3303 A
666 3255 698 3303 W
711 3256 800 3305 Bert:
817 3271 864 3305 om.
876 3258 897 3306 B
910 3259 926 3306 c
938 3259 960 3305 V
971 3256 982 3323 Ι
997 3260 1029 3309 lb
1046 3274 1107 3323 rep.
1120 3260 1138 3307 ⁰
1154 3258 1162 3321 Ι

191 3318 224 3366 20
241 3317 401 3383 hercule0q;
419 3321 453 3367 W
476 3317 481 3384 Ι
510 3323 542 3370 ‘22
561 3324 653 3372 omniu
670 3324 693 3370 A
717 3320 727 3386 ΙΙ
751 3325 784 3373 23
806 3323 985 3376 clementiae
1009 3322 1015 3391 Ι
1038 3326 1117 3377 uices
1134 3334 1162 3375 et

191 3383 265 3435 orbiu
283 3387 306 3433 A
317 3386 350 3434 W
360 3387 451 3439 Bera:
470 3402 517 3437 om.
529 3389 550 3436 B
563 3391 580 3437 0
592 3390 614 3436 V
632 3387 642 3455 ΙΙ
659 3392 693 3439 24
712 3387 750 3455 et]
770 3395 801 3439 ut
812 3392 835 3440 A
850 3391 855 3455 Ι
870 3406 995 3443 remenso
1008 3393 1086 3449 Bert.
1103 3391 1114 3459 Ι
1129 3394 1162 3443 25

190 3446 442 3581 lgqqup-redcpnltia
455 3468 491 3503 w:
512 3455 628 3507 lustrare
647 3456 760 3507 denntia
778 3457 1025 3523 (deuneiaA0)1
1042 3458 1054 3527 Ι
1071 3465 1104 3513 31
1123 3460 1161 3511 ni·

292 3533 379 3582 rgenn
