2394 3990
237 154 491 206 CONSTANTINO
509 152 680 206 AUGUSTO
699 155 733 204 D.
751 157 861 206 22-25.
970 152 1031 216 211

62 306 174 368 rantes
197 307 238 385 et,
261 303 429 386 siquando
451 304 486 366 in
500 303 676 386 periculum
690 303 850 386 uenerint,
872 303 1032 367 libertatis

61 390 267 452 immemores
291 390 386 468 utque
409 388 528 451 seruire
550 387 645 451 liceat
667 390 806 451 orantes.
851 386 1032 450 Romanum

61 494 139 537 uero
163 471 309 554 militem,
331 492 426 554 quem
446 470 698 555 qualemcunque
721 472 848 535 ordinat
863 471 1033 554 disciplina

62 562 95 621 et
118 558 311 620 sacramenti
334 556 447 639 religio
464 556 641 636 confirmat,
665 558 721 619 aut
735 558 859 619 trucem
873 554 1031 619 Francum

60 642 167 705 ferina
196 639 264 703 sola
294 661 389 703 carne
414 639 605 723 distentum,
635 641 688 722 qui
715 641 815 703 uitam
842 661 900 723 pro
926 640 1057 704 uictuss

61 726 111 788 sui
138 725 265 788 uilitate
294 727 492 806 contemnat,
523 726 662 806 quantae
691 725 784 787 molis
812 726 855 787 sit
882 745 1031 807 superare

61 809 113 872 uel
135 808 274 892 capere?
311 809 393 891 quod
416 812 465 889 tu,
487 808 676 890 imperator,
705 810 737 870 εὴ
758 829 860 891 nuper
882 809 916 871 in
939 809 1033 872 Italia

62 898 94 957 et
121 894 157 956 in
185 893 257 976 ipso
291 896 464 975 conspectu
492 892 657 956 barbariae
685 892 781 975 paulo
811 894 885 954 ante
913 892 1031 954 fecisti.

60 978 108 1041 ita
136 978 207 1041 sine
229 976 296 1039 ullo
318 976 501 1040 discrimine
529 977 638 1040 omnia
659 998 778 1060 genera
799 976 955 1039 bellorum
984 998 1031 1038 ar-

61 1083 186 1125 morum
215 1060 354 1124 hostium
386 1061 443 1123 uni
469 1060 530 1124 tibi
565 1060 696 1143 cedunt,
732 1060 850 1124 cedunt
877 1081 915 1123 ex
944 1059 1030 1123 omni
1045 1079 1070 1118 rc

62 1146 160 1208 etiam
183 1145 338 1208 memoria
359 1145 488 1208 condita
507 1145 624 1208 litteris
646 1145 844 1208 monimenta
865 1145 1030 1209 uirtutum.

60 1251 121 1294 nec
142 1250 221 1293 uero
237 1230 461 1292 tantummodo
484 1233 592 1292 uetera
615 1229 672 1292 illa
689 1229 881 1293 dictatorum
905 1232 937 1292 et
958 1251 1032 1292 con-

61 1314 166 1379 sulum
190 1335 228 1377 ac
250 1313 399 1396 deinceps
422 1334 612 1397 magnorum
634 1315 833 1396 principum,
856 1314 910 1377 sed
934 1315 1031 1377 etiam

60 1398 282 1462 recentissima
318 1401 351 1460 et
382 1398 596 1480 pulcherrima
630 1398 696 1460 diui
729 1398 830 1480 patris
864 1399 911 1461 tui
944 1397 1031 1461 facta

62 1482 219 1566 superasti
252 1481 373 1565 (sordet
405 1482 491 1545 enim
524 1482 603 1545 alios
636 1503 674 1544 ex
706 1482 852 1564 proximo
886 1484 1030 1563 tempore
1043 1476 1089 1539 ω’

62 1566 278 1649 comparare):
322 1566 440 1648 ipsum,
478 1567 626 1648 inquam,
662 1565 771 1628 diuum
805 1564 1030 1628 Constantium

60 1649 124 1713 iam
146 1651 259 1732 primis
280 1650 407 1732 imperii
429 1650 477 1712 tui
499 1649 609 1712 lustris
630 1651 916 1732 rerumgestarum
938 1648 1030 1712 laude

10 1740 12 1795 Ξ
62 1735 269 1798 cumulasti·

10 1830 13 1839 '
124 1817 228 1883 XXV.
270 1817 396 1881 Inuitus
418 1817 479 1880 hoc
501 1816 583 1880 forte
606 1817 740 1901 accipis,
764 1817 951 1900 imperator,
975 1818 1029 1881 sed

61 1901 129 1984 ille,
158 1902 233 1965 dum
261 1902 411 1984 dicimus,
446 1901 567 1985 gaudet
594 1923 610 1965 e
640 1902 725 1965 caelo
754 1906 786 1966 et
812 1903 877 1965 iam
906 1901 1027 1985 pridem
1042 1921 1067 1959 ao

23 2054 26 2059 ,
62 1988 191 2049 uocatus
213 1985 253 2048 ad
276 1985 380 2049 sidera
404 1986 507 2049 adhuc
529 1986 644 2049 erescit
665 1986 700 2049 in
719 1985 785 2050 filio
809 1989 842 2049 et
855 1987 1028 2070 gloriarum

62 2070 186 2133 tuarum
216 2070 368 2153 gradibus
399 2070 550 2134 ascendit.
594 2071 746 2154 purgauit
777 2070 832 2133 ille
860 2070 1028 2133 Batauiam

24 2232 29 2239 Ι
64 2153 186 2218 aduena
208 2154 299 2218 hoste
315 2153 456 2237 depuls0,
479 2154 539 2217 tibi
562 2176 596 2217 se
618 2176 657 2217 ex
679 2154 792 2217 ultima
809 2154 957 2216 barbaria
980 2153 1028 2214 in-

64 2234 196 2335 digenae
218 2238 328 2321 populi
351 2238 507 2301 dedidere.
547 2238 601 2301 ille
624 2259 776 2301 oceanum
801 2238 901 2300 classe
923 2239 1027 2300 trans-

65 2321 157 2405 misit,
181 2325 217 2386 tu
239 2325 272 2386 et
285 2322 385 2405 Alpes
407 2323 510 2405 gradu
532 2325 564 2384 et
586 2320 741 2384 classibus
763 2326 875 2403 portus
897 2320 1026 2384 Italicos
1041 2339 1065 2377 2⁵

66 2407 235 2489 occupasti.
278 2406 479 2490 recuperauit
506 2406 560 2468 ille
582 2403 803 2482 Britanniam,
831 2407 868 2466 tu
895 2403 1028 2467 nobilis·

67 2487 157 2553 simas
172 2490 276 2554 Africi
292 2491 390 2555 maris
405 2490 538 2572 insulas,
562 2509 644 2572 quae
659 2488 770 2570 populi
785 2487 924 2551 Romani
938 2487 1028 2552 fuere

67 2572 253 2717 prouinciae.
299 2576 463 2658 ignoscat,
488 2574 619 2656 inquam
625 2621 634 2654 ,
663 2573 757 2636 diuus
780 2573 848 2656 ipse
871 2571 1027 2638 Constan-

81 2653 134 2720 'us
177 2659 251 2741 quid
278 2658 381 2723 habeo
409 2658 493 2741 quod
521 2679 700 2740 comparem
728 2656 856 2741 ltaliae,
886 2658 1027 2742 Africae,

69 2734 207 2806 Romae?
249 2744 363 2806 merito
386 2743 486 2826 igitur
508 2742 583 2825 tibi,
613 2741 841 2825 Constantine,
872 2746 905 2805 et
925 2764 1027 2825 nuper
1039 2760 1064 2799 ³0

70 2854 261 2869 *—-·----..---

127 2930 222 2994 tutq3
241 2947 301 2995 epo:
319 2936 351 2982 ut
368 2933 396 2979 1
426 2928 436 2995 ll
466 2933 481 2980 3
499 2945 565 2980 uero
583 2930 698 2978 limitem
716 2929 739 2976 A
766 2926 770 2991 Ι
803 2927 1026 2992 qualemcumque

70 2990 204 3047 uniens:
223 2999 386 3062 qualemque
404 2999 432 3045 1
461 2996 471 3062 ΙΙ
500 3001 516 3047 5
535 3001 681 3060 prouectus
700 2995 742 3044 sui
761 2995 783 3042 A
800 2994 861 3042 BV
885 2992 895 3058 ΙΙ
919 2996 934 3042 6
953 2995 1027 3043 utili-

70 3060 119 3111 tsle
134 3064 152 3111 e
170 3062 176 3126 1
194 3071 297 3131 quante
317 3069 333 3115 0
352 3080 389 3114 w:
412 3069 516 3129 quauta
533 3065 561 3111 11
578 3080 612 3113 un
649 3067 733 3112 nanta
751 3060 855 3111 moles?
886 3059 896 3126 ΙΙ
925 3062 941 3110 8
960 3059 1024 3125 fea]

70 3138 99 3177 n
113 3133 240 3182 sensisti?
260 3131 271 3197 l
293 3137 321 3182 11
343 3135 427 3183 etiam
446 3147 480 3180 ex
499 3133 572 3181 omni
591 3079 647 3194 wll
668 3131 699 3177 14
717 3129 909 3179 recentissima
927 3130 1025 3178 Acida-

71 3192 122 3245 llsr:
138 3200 294 3249 rectissima
310 3201 337 3247 Μ
359 3199 369 3265 ΙΙ
391 3200 423 3249 15
442 3199 592 3261 superastis
610 3198 632 3245 A
653 3195 663 3261 ΙΙ
686 3198 717 3244 16
735 3197 845 3262 inquam
864 3195 962 3245 iudinu
982 3196 1026 3258 (nn

71 3256 122 3323 1μῆ
133 3261 228 3331 duur)
248 3267 425 3317 Constantini
437 3268 459 3315 A
471 3263 481 3329 ΙΙ
495 3268 526 3315 17
543 3266 585 3315 tui
598 3281 644 3314 om.
659 3264 734 3313 Bert.
747 3261 757 3329 ΙΙ
770 3266 802 3314 20
821 3268 850 3312 et
867 3265 920 3313 iem
934 3262 1026 3316 Bere:

72 3328 143 3383 tlhm
155 3335 183 3381 1
198 3331 210 3398 fl
227 3336 260 3384 23
277 3334 357 3385 hoste
374 3334 499 3382 Bcvw:
519 3333 625 3382 hostem
638 3332 668 3381 A.
692 3347 727 3380 an
745 3332 825 3394 hosta
843 3330 908 3379 inde
927 3331 1025 3395 pulso?

73 3388 234 3463 linuignee
257 3398 267 3466 ΙΙ
290 3404 322 3452 27
340 3400 442 3467 populo
461 3416 499 3450 rc.
518 3402 535 3448 0
560 3398 570 3464 ll
593 3401 625 3450 28
643 3400 725 3448 malim
744 3397 868 3462 agnoscit
885 3399 942 3463 inq.
963 3400 988 3450 d.
1008 3400 1025 3448 i.

71 3456 251 3519 contentius:
270 3470 347 3534 ‘quid
364 3469 451 3520 habeo
469 3494 502 3502 -
520 3467 655 3518 Romae?’
680 3463 691 3530 ΙΙ
715 3468 748 3516 29
765 3464 882 3515 habeam
900 3465 932 3513 W

819 3550 871 3599 14*
