2406 4012
375 127 535 191 11111110
557 131 590 178 n.
610 131 719 181 ec-nc.
986 129 1030 193 25

51 276 260 361 populusque
281 275 447 340 Romanus
469 276 630 362 obligatus
653 299 672 340 a
693 278 849 341 tribunali
870 281 937 361 tuo,
961 302 1029 344 non

53 363 211 427 exoratus
238 361 381 425 recessit.
432 360 576 425 obtulisti
604 362 690 425 enim
724 362 924 446 congiarium
952 385 1028 447 gau-

54 445 212 510 dentibus
222 445 372 530 ‘gaudens
395 467 585 528 securusque
606 447 742 526 securis3
766 447 913 530 quodque
934 452 1029 512 antea

54 529 223 615 principes
246 530 286 593 ad
306 530 414 595 odium
437 531 485 594 sui
507 530 691 595 leniendum
712 531 911 595 tumentibus
948 531 1028 595 lebis

54 614 178 679 animis
205 613 423 697 obiectabant,
452 614 485 677 id
507 617 632 679 tutam
656 615 812 679 innocens
834 554 952 699 popuii
975 616 1054 680 des

55 699 138 763 disti
166 720 262 795 quam
289 698 425 783 populus
453 700 587 782 accepit.
637 701 734 782 paulo
767 701 890 783 minus,
922 704 1029 785 patres

56 784 251 866 conscripti,
277 783 422 867 ¹quinque
449 783 539 847 milia
560 783 774 867 ingenuorum
796 785 928 849 fuerunt
949 808 1029 870 quae

54 867 238 933 liberalitas
259 868 414 952 principis
443 868 546 931 nostri
569 869 778 952 conquisiuit‚
807 870 948 952 inuenit,
976 871 1030 932 ad-

56 953 165 1017 sciuit.
215 950 249 1014 hi
282 952 456 1017 subsidium
485 952 656 1031 bellorum,
690 958 913 1017 ornamentum
941 955 1029 1036 pacis

55 1035 200 1121 publicis
227 1037 406 1121 sumptibus
435 1036 564 1101 aluntur
591 1038 791 1121 patriamque
818 1058 885 1101 non
912 1041 949 1101 ut
974 1060 1029 1122 pa·
1044 1059 1069 1096 10

57 1121 159 1185 triam
189 1124 315 1185 tantum
337 1143 448 1185 uerum
475 1125 512 1186 ut
534 1122 677 1185 altricem
701 1144 808 1186 amare
830 1123 1028 1187 condiscunt.

59 1227 101 1271 cx
130 1205 180 1268 his
209 1209 327 1288 castra,
362 1228 400 1270 ex
433 1206 483 1270 his
516 1207 620 1271 tribus
653 1207 876 1290 replebuntur,
911 1229 949 1271 ex
979 1206 1030 1271 his

84 1290 254 1372 nandoque
276 1294 451 1355 nascentur
473 1291 588 1375 quibus
608 1291 769 1355 alimentis
792 1313 872 1375 opus
894 1293 1028 1357 nonsit.

60 1311 143 1438 dent
161 1374 232 1454 tibi,
255 1373 384 1459 Caesar,
408 1378 546 1439 aetatem
568 1375 711 1459 di'quam
733 1377 865 1441 mereris
888 1383 1030 1440 seruent-

59 1480 124 1608 que
147 1458 290 1523 animum
312 1481 407 1543 quem
429 1460 599 1525 dederunt:
623 1464 655 1524 et
670 1464 789 1544 quanto
811 1461 963 1524 maiorem
982 1462 1030 1523 in·
1044 1477 1069 1516 15

78 1542 203 1607 antium
225 1544 351 1608 turbam
374 1544 490 1608 iterum
513 1550 609 1629 atque
630 1546 747 1608 iterum
769 1545 892 1608 iubebis
915 1545 1029 1608 incidit

61 1630 200 1712 augetur
228 1628 314 1692 enim
342 1629 458 1693 cotidie
487 1633 520 1693 et
548 1630 675 1710 crescit,
706 1650 772 1691 non
794 1629 870 1712 quia
895 1629 1031 1691 cariores

59 1711 251 1798 parentibus
270 1713 374 1797 liberi,
397 1713 452 1776 sed
469 1714 542 1797 quia
557 1712 698 1796 principi
719 1713 815 1777 ciues.
845 1711 936 1776 dabis
958 1734 1031 1776 con·
1068 1779 1070 1783 ,

61 1795 184 1880 giaria,
207 1797 233 1861 si
254 1798 359 1880 uoles3
391 1798 572 1881 praestabis
595 1798 763 1881 alimenta,
792 1798 819 1862 si
840 1797 947 1862 uoles:
984 1797 1032 1860 illi

61 1883 173 1944 tamen
216 1885 325 1965 repter
345 1887 378 1946 te
399 1887 586 1948 nascuntur.
669 1933 671 1937 .
1045 1901 1071 1939 20

208 1964 247 2030 X.
279 1966 389 2031 Instar
404 1989 464 2052 ego
478 1968 625 2052 perpetui
644 1967 799 2051 congiarii
814 1965 885 2032 reor
900 1968 1031 2031 affluen-

62 2049 144 2113 tiam
152 2070 306 2114 annonae.
320 2051 595 2136 huiusaliquando
607 2073 683 2116 cura
689 2051 842 2135 Pompeio
852 2074 919 2116 non
926 2053 1032 2115 minus

62 2133 189 2198 addidit
203 2134 325 2218 gloriae
347 2158 441 2220 quam
461 2138 572 2220 pulsus
595 2137 735 2200 ambitus
758 2159 879 2220 campo,
903 2139 1032 2200 exactus

61 2218 169 2283 hostis
191 2220 287 2296 mari,
314 2221 420 2284 oriens
442 2222 613 2305 triumphis
636 2220 846 2304 occidensque
869 2221 1032 2285 lustratus.

62 2323 126 2367 neo
147 2324 224 2367 uero
245 2303 301 2368 ille
321 2304 445 2369 ciuilius
468 2328 564 2389 quam
578 2327 696 2389 parens
717 2309 826 2367 noster
842 2303 1032 2367 auctoritate
1046 2320 1072 2359 25

64 2386 202 2451 consilio
224 2388 286 2453 fide
313 2390 444 2454 reclusit
469 2391 553 2470 uias,
585 2391 695 2471 portus
717 2387 886 2470 patefecit,
917 2386 1034 2448 itinera

63 2471 177 2550 terris,
200 2472 346 2539 litoribus
368 2496 472 2556 mare,
503 2474 597 2537 litora
618 2472 698 2536 mari
719 2471 858 2535 reddidit
879 2470 1034 2534 diuersas·

56 2576 129 2640 ¹que
150 2560 263 2640 gentes
285 2558 332 2622 ita
354 2560 545 2624 commercio
567 2557 696 2622 miscuit
716 2561 762 2640 ut,
787 2556 871 2641 quod
889 2556 1035 2641 genitum

65 2643 154 2707 esset
174 2663 318 2727 usquam,
343 2644 375 2708 id
399 2645 483 2726 apud
506 2665 616 2708 omnes
638 2646 749 2706 natum
772 2663 841 2707 esse
863 2641 1032 2706 uideretur.

63 2745 177 2788 nonne
208 2748 336 2791 cernere
364 2728 458 2792 datur
491 2731 527 2791 nt
555 2729 624 2791 sine
653 2728 748 2791 ullius
782 2727 900 2791 iniuria
929 2727 1033 2790 omnis
1047 2744 1074 2782 ³0

64 2809 178 2873 usibus
205 2813 323 2876 nostris
353 2834 457 2877 annus
485 2812 660 2876 exuberet?
697 2812 814 2895 quippe
841 2833 904 2876 non
934 2814 971 2874 ut
996 2832 1035 2874 ex

62 2894 192 2957 hostico
207 2899 318 2979 raptae
333 2898 556 2981 perituraeque
578 2897 612 2960 in
627 2896 750 2960 horreis
772 2917 891 2959 messes
905 2896 1034 2979 nequic-

64 2999 163 3063 quam
186 2978 412 3062 quiritantibus
434 2983 529 3047 sociis
553 2981 751 3045 auferuntur.
788 2979 952 3044 deuehunt
972 2980 1035 3061 ipsi

62 3118 94 3125 ...-
100 3118 246 3126 ...m-.--c-n—
254 3121 268 3126 .-

135 3186 153 3233 4
170 3185 309 3251 principes
327 3187 359 3235 W
376 3201 402 3237 r:
422 3187 551 3252 princeps
568 3186 621 3234 uV
639 3193 663 3235 ce
680 3186 700 3233 B
717 3200 755 3246 m,
776 3187 824 3235 sed
841 3186 866 3232 in
884 3184 923 3232 tis
940 3197 1009 3233 corr.
1028 3179 1036 3245 ‘t

62 3256 81 3304 ὅ
100 3253 159 3302 iam
176 3251 209 3300 W
226 3252 232 3316 Ι
252 3252 426 3304 innocentius
445 3269 469 3303 w
493 3253 503 3320 ΙΙ
527 3255 557 3302 16
576 3253 684 3303 iubebis
702 3253 769 3302 BV:
790 3250 899 3300 uidebis
917 3249 978 3298 GW
996 3251 1036 3297 ui·

64 3320 149 3371 debis
166 3320 276 3371 iubebis
296 3321 371 3386 Cusp.
390 3319 401 3387 ΙΙ
420 3324 450 3372 19
469 3321 624 3388 praestabis
644 3320 777 3370 alimenta
796 3319 820 3369 si
838 3317 916 3367 uoles
934 3318 1011 3368 cm.0
1034 3314 1037 3381 Ι

51 3391 98 3455 Ι16
118 3388 267 3439 itineribus
285 3394 381 3451 terras,
399 3390 499 3440 itinera
516 3388 597 3439 terris
615 3388 784 3439 Mamaeanas
801 3384 811 3451 t
827 3388 859 3435 31
879 3386 966 3436 amnis
984 3386 1037 3442 cv

62 3454 72 3521 2¹
91 3458 126 3507 31
147 3454 313 3506 exuberetur
331 3460 348 3505 0
365 3454 375 3522 ΙΙ
392 3460 424 3508 33
444 3457 645 3522 queritantibus
663 3454 702 3518 11,
721 3471 790 3507 corr.
809 3468 833 3519 ς.
