2406 4012
196 208 256 274 186
392 210 467 263 v111.
496 207 830 262 menandriana.
849 206 962 259 norro

196 382 255 425 cua
276 360 511 423 transmittant.
548 379 587 420 ex
609 378 671 440 quo
693 377 789 440 saepe
812 356 930 421 aooidit
950 359 987 420 ut
1011 357 1159 442 obsequia

193 448 305 511 nostra
326 443 419 508 tarda
441 443 521 524 sint,
546 463 618 506 eum
640 463 811 525 paruarum
833 441 965 526 frugum
985 442 1085 507 nobis
1105 442 1158 507 dif-
1191 426 1195 521 Ι

194 530 308 595 fioilior
341 529 383 592 sit
409 526 532 591 euectio
567 547 662 609 quam
696 526 809 590 ceteris
837 525 1059 609 plurimarum.
1102 548 1156 611 quo
1189 526 1195 597 l

168 610 1155 779 ⁵tun{tpttttattttttttfftttttttatt
1189 648 1195 683 ¹

194 785 287 864 atque
308 765 474 863 aspectum
494 784 562 844 tam
577 780 706 844 foedum
720 783 849 863 tamque
871 800 1034 863 asperum,
1055 783 1154 845 tamen
1193 850 1195 856 ,

193 866 250 930 illo
266 865 434 929 deflectere
457 867 490 928 et
503 865 614 929 urbem
632 864 723 928 illam
745 863 815 928 sola
836 865 907 948 opis
922 867 998 929 tuae
1021 867 1153 948 expects·
1188 858 1195 969 Ι

194 951 283 1015 tione
303 951 466 1015 uiuentem
487 949 646 1013 illustrare
668 948 819 1033 dignatus
843 970 888 1012 es.
916 949 994 1013 boni
1008 948 1152 1033 prinsipis
1190 978 1195 1051 ἑ

195 1038 244 1099 est
265 1035 403 1100 libenter
426 1055 499 1098 suos
522 1034 630 1098 uidere
645 1033 766 1116 felices,
788 1032 845 1097 sed
865 1033 1009 1097 melioris
1027 1034 1152 1099 inuisere
1192 1054 1195 1105 ;

156 1146 182 1184 ιο
196 1120 292 1184 etiarn
313 1120 506 1184 laborantes.
551 1119 583 1181 di
605 1118 697 1182 boni!
729 1118 877 1201 quisnam
899 1117 956 1182 ille
977 1121 1050 1183 turn
1068 1116 1152 1183 nobis
1189 1112 1195 1197 Ι

194 1203 300 1267 illuxit
322 1204 389 1267 dies
419 1203 495 1284 (iam
523 1202 609 1266 enim
637 1203 676 1266 ad
698 1201 914 1285 praedicanda
939 1203 1080 1267 remedia
1103 1222 1152 1267 nu·
1189 1204 1195 1283 Ι

193 1287 290 1350 minis
312 1288 360 1350 tui
374 1286 495 1351 ‘ordine
517 1307 574 1350 suo
595 1286 745 1370 peruenit
767 1286 893 1372 oratio),
916 1308 990 1351 eum
1012 1290 1058 1371 tu,
1080 1284 1153 1369 quod
1191 1298 1195 1359 f

193 1370 331 1454 primurn
352 1371 446 1435 nobis
468 1371 597 1455 signum
618 1371 730 1435 salutis
745 1371 818 1454 fuit,
842 1374 952 1454 portas
967 1372 1063 1436 istius
1076 1370 1152 1434 uubis
1192 1420 1195 1454 ς

193 1455 347 1527 intrasti?
383 1477 464 1539 quae
491 1459 524 1519 te
552 1455 664 1519 habitu
691 1456 747 1519 illo
774 1455 810 1519 in
835 1457 943 1520 sinum
970 1456 1102 1521 reducto
1127 1456 1154 1519 et
1191 1470 1195 1525 ¹.

156 1564 181 1604 15
194 1541 457 1624 procurrentibus
485 1541 645 1623 utrimque
672 1540 813 1604 turribus
848 1540 999 1624 amplexu
1028 1540 1153 1624 quodam

194 1624 386 1690 uidebantur
408 1626 561 1709 accipere.

257 1709 348 1774 VIII.
387 1710 523 1774 Miratus
547 1731 594 1788 es,
617 1709 800 1792 imperator,
823 1708 909 1773 unde
931 1729 966 1773 se
988 1709 1052 1775 tibi
1073 1710 1155 1775 tanta

195 1793 325 1859 obuiam
354 1795 531 1858 effunderet
559 1793 748 1876 multitudo,
787 1815 859 1857 cum
886 1792 1097 1859 solitudinem
1123 1813 1155 1857 ex

194 1878 303 1942 uicino
322 1881 433 1941 monte
454 1879 599 1942 uidisses,
623 1899 734 1942 omnes
755 1878 843 1942 enim
862 1899 901 1941 ex
916 1900 936 1941 a
979 1879 986 1890 '
1022 1878 1157 1945 omnium

155 1985 181 2024 20
195 1963 337 2023 aetatum
368 1961 515 2025 homines
551 1962 804 2027 conuolauerunt
832 1965 868 2027 ut
895 1963 927 2026 ui
952 1967 1045 2028 erent
1073 1982 1157 2047 quem

194 2044 399 2126 superstitem
432 2045 495 2109 sibi
522 2045 660 2110 libenter
691 2050 849 2130 optarent.
894 2046 980 2130 quod
1007 2047 1095 2113 enim
1122 2044 1157 2111 od

193 2128 418 2213 propagandos
446 2129 581 2193 aliorum
610 2131 794 2215 principum
822 2131 889 2195 dies
915 2131 1069 2196 sollemni
1094 2152 1157 2195 uer·

193 2214 307 2280 borum
331 2213 453 2279 honore
482 2218 604 2297 oratur,
631 2216 707 2299 tibi,
739 2216 968 2294 Constantine,
996 2215 1059 2281 soli
1080 2216 1159 2283 ulna

194 2299 336 2365 omnium
364 2303 510 2365 nostrum
534 2301 603 2365 fata
630 2301 754 2365 uicturo
780 2300 883 2365 securi
912 2320 1084 2385 uouemus,
1113 2299 1158 2365 oni

153 2406 181 2446 aa
194 2387 260 2449 tam
282 2386 381 2470 longa
409 2389 498 2450 aetas
521 2386 650 2470 propria
673 2385 834 2450 debeatur.
880 2406 999 2469 magna
1021 2388 1074 2469 est
1093 2406 1159 2469 pro·

193 2470 280 2534 seoto
308 2470 358 2533 uis
384 2474 459 2553 post
486 2471 671 2536 diuturnam
697 2469 932 2555 aegritudinem
959 2473 1059 2553 atque
1081 2489 1159 2535 mse·

194 2554 315 2618 stitism
359 2557 558 2639 surgentium
596 2556 797 2701 gaudiorum.
854 2554 952 2618 caluit
993 2554 1031 2618 in
1072 2552 1160 2619 nobis

193 2637 278 2699 ultra
304 2638 388 2699 uires
418 2640 542 2702 animus
576 2662 595 2702 a
644 2640 814 2721 laetitiam,
850 2641 883 2702 et
911 2638 1051 2721 quodum
1078 2658 1160 2723 prae·

194 2719 284 2800 sagio
312 2722 466 2782 uenturae
494 2720 661 2785 felicitatis
690 2723 767 2786 elati
795 2728 822 2788 te
843 2725 935 2786 tanta
964 2723 1160 2787 exultatione

263 2857 275 2903 1
295 2856 466 2906 transmittat
478 2858 577 2906 ΔΒΗ
590 2856 599 2924 ΙΙ
613 2861 628 2908 2
642 2875 792 2924 paucarum
804 2862 862 2911 edd.
876 2857 886 2925 Ι
899 2861 915 2911 5
934 2861 1070 2913 itinerum
1085 2861 1160 2911 seab-

192 2924 226 2972 εῖτ
238 2924 372 2974 Acidaliae
383 2923 521 2975 internum
532 2941 591 2990 reg.
605 2943 649 2981 no.
662 2928 787 2978 habitum
800 2928 931 2991 Hauptius
943 2930 960 2978 l.
973 2931 991 2979 l.
1005 2926 1010 2992 Ι
1030 2927 1161 2990 adsumus

192 2991 215 3039 A
232 2989 242 3055 ΙΙ
260 2993 292 3042 10
310 2991 337 3041 di
356 2987 435 3058 boni]
454 2993 495 3044 DI
512 2994 578 3049 min.
595 2993 680 3057 Bert,
697 2998 764 3046 αηιίε
781 2995 944 3046 inmortales
959 2996 1109 3053 Liuiaoea'm
1126 2993 1161 3044 dii

193 3058 246 3109 an
259 3061 290 3120 A,
309 3061 376 3110 unde
393 3059 422 3110 di
440 3061 534 3126 magni
550 3065 632 3112 mutim
644 3060 653 3129 ΙΙ
668 3065 699 3113 12
718 3079 767 3115 suo
785 3064 914 3128 peruenit
925 3064 950 3111 A
960 3062 1058 3115 Bora:
1076 3076 1162 3128 super·

192 3128 271 3179 uenit
279 3127 389 3177 ΞΟΠ]
401 3125 411 3192 ΙΙ
425 3131 456 3179 17
466 3131 537 3181 estA
548 3127 558 3196 ΙΙ
572 3132 603 3181 19
613 3146 721 3194 omnes3
734 3134 815 3181 malim
826 3131 952 3182 omnibus
963 3128 975 3196 Ι
987 3133 1021 3183 20
1031 3130 1162 3187 aetatum]

193 3211 208 3245 e
226 3197 308 3246 tantu
324 3197 347 3244 A
361 3194 367 3257 Ι
383 3196 601 3248 oonuolauerant
612 3199 796 3249 itinersbusius
808 3196 818 3264 l
831 3201 862 3249 21
883 3194 950 3266 sibi]
969 3199 993 3249 si
1006 3200 1028 3248 A
1044 3196 1050 3264 Ι
1066 3198 1103 3250 sd
1119 3212 1163 3249 on.

191 3262 267 3317 Bert.
280 3261 290 3328 ΙΙ
303 3265 335 3312 22
353 3262 412 3313 dies
431 3280 477 3317 om.
489 3265 537 3314 Ac
556 3272 589 3327 et,
606 3272 633 3314 ut
650 3269 710 3329 uid„
727 3264 802 3317 Bert.
821 3282 912 3318 annos
927 3268 989 3320 add.
999 3267 1138 3318 Quassus

193 3330 347 3380 solennium
363 3329 439 3381 Bert.
452 3328 462 3395 ΙΙ
475 3333 508 3381 23
526 3331 627 3383 honore
645 3349 707 3399 eqo:
728 3349 802 3384 more
820 3336 848 3383 x
863 3332 868 3400 Ι
884 3341 978 3386 oratur
994 3336 1107 3400 scripsi:
1123 3334 1162 3383 iu·

192 3402 271 3447 ratur
287 3400 315 3447 Η
333 3402 452 3449 uouetur
469 3399 653 3451 Ritterslzun'us
669 3399 679 3466 Ι
697 3403 730 3451 24
747 3403 837 3453 uictor
855 3406 872 3451 (t
890 3399 900 3467 ΙΙ
921 3403 955 3453 25
972 3401 1093 3454 debetur
1108 3402 1132 3450 A
1149 3414 1152 3463 Ι

192 3464 225 3512 28
243 3465 316 3516 uires
334 3466 357 3513 A
368 3464 462 3516 Bere:
479 3465 552 3516 uires
569 3473 679 3519 nostras
695 3469 824 3518 BGVW
836 3467 847 3535 ΙΙ
859 3472 893 3521 29
910 3466 996 3535 nent]
1018 3468 1163 3522 futursec

195 3527 199 3593 Ι
218 3532 244 3578 te
260 3539 321 3593 post
339 3531 406 3582 elati
423 3534 524 3593 addidi,
542 3543 603 3598 post
621 3539 700 3587 tanta
718 3538 789 3589 edd:
809 3554 855 3588 om.
875 3539 902 3586 Π
