2406 4012
411 189 570 245 rumano
589 192 623 242 D.
660 193 770 245 91-94.
1033 194 1073 258 87

93 341 231 419 animos
252 338 399 404 debilitat
419 343 451 404 et
470 340 606 427 frangit,
630 341 713 405 nihil
735 341 846 406 inuitis
871 343 1072 426 audiendum,

99 425 187 491 nihil
213 424 332 490 coactis
360 424 594 490 decernendum
628 426 697 494 erit.
734 430 842 490 manet
869 428 1074 514 manebitque

101 509 220 575 honori
253 510 416 574 ueneratio
446 531 520 593 sua,
556 531 616 575 nec
649 511 852 576 securitatem
885 514 1074 579 auctoritate

127 595 283 660 ardemus.
325 615 361 659 ao
390 594 419 658 si
446 594 519 678 quid
554 594 638 659 forte
666 617 705 660 er
732 597 914 661 consulatus
941 598 1072 684 fastigio

142 679 205 744 erit
226 678 429 761 diminutum,
460 682 570 743 nostra
596 679 676 745 haec
705 682 765 744 erit
788 681 892 766 culpa,
915 704 981 747 non
1003 699 1100 749 sae-⁵

97 763 181 829 culi.
217 763 293 828 licet
314 764 409 848 enim,
438 767 594 911 quantum
615 764 656 828 ad
677 766 866 850 principem,
895 767 971 832 lieet
991 767 1072 834 tales

97 848 250 914 consules
272 868 367 932 agere
389 869 452 932 qua
465 869 499 912 es
521 852 596 912 ante
616 850 778 933 principes
800 854 900 914 erant.
931 852 1073 917 ullamne

102 933 166 998 tibi
188 953 247 1016 pro
269 931 433 997 beneficiis
453 932 572 998 referre
592 934 732 1018 gratiam
747 955 857 1016 parem
880 937 1071 1018 possumus?

100 1017 167 1082 nisi
187 1020 297 1090 tamen
319 1016 408 1082 illam
441 1019 479 1081 ut
506 1039 632 1102 semper
653 1039 713 1081 nos
736 1018 974 1083 meminerimus
998 1041 1071 1085 con·

100 1102 189 1167 sulas
210 1101 311 1166 fuisse
334 1105 368 1166 et
389 1101 535 1167 consules
557 1106 640 1185 tuos,
669 1124 708 1167 ea
730 1103 915 1187 sentiamus,
940 1125 978 1168 ea
1000 1125 1071 1170 een·
1085 1124 1111 1164 10

99 1207 229 1250 seamus
272 1207 331 1250 uae
354 1186 576 1251 consularibus
604 1186 703 1272 digna
725 1190 810 1271 sunt,
841 1188 887 1252 ita
908 1210 1072 1253 uersemur

101 1271 138 1335 in
161 1291 195 1334 re
217 1293 261 1355 pu
284 1270 349 1336 lica
370 1274 407 1335 ut
430 1271 595 1336 credamus
623 1292 692 1336 esse
719 1294 788 1337 rem
809 1273 980 1358 publicam,
1004 1296 1072 1340 non

99 1355 273 1420 eonsilium
301 1358 457 1439 nostrum,
492 1377 560 1420 non
594 1376 723 1440 operam
752 1357 979 1424 subtrahamus
1011 1381 1072 1425 nec

100 1440 272 1504 defunctos
288 1461 346 1505 nos
368 1443 400 1504 et
420 1441 510 1524 quasi
534 1440 680 1504 dimissos
702 1441 878 1526 consulatu,
901 1443 957 1508 sed
980 1445 1071 1526 quasi

99 1526 250 1589 astrictos
284 1528 316 1588 et
348 1524 516 1589 deuinctos
549 1528 697 1609 putemus
731 1527 929 1610 eundemque
961 1528 1110 1593 locum1⁵

101 1609 221 1674 laboris
244 1612 276 1673 et
297 1630 392 1675 ourae
421 1630 517 1693 quem
543 1611 743 1674 reuerentiae
772 1610 1001 1695 dignitatisque
1023 1615 1070 1676 te·

99 1714 243 1758 neamus.

159 1810 272 1878 XCIV.
293 1810 334 1876 In
354 1811 420 1876 fine
439 1811 594 1876 orationis
609 1811 771 1896 praesides
790 1813 997 1897 custodesque
1012 1817 1070 1879 im-

98 1896 184 1981 perii
194 1896 285 1961 diuos
301 1917 362 1980 ego
382 1896 491 1960 consul
504 1917 562 1980 pro
573 1897 667 1960 rebus
682 1897 830 1961 humanis
846 1919 883 1962 ac
900 1902 932 1962 te
950 1899 1069 1982 praeei-

99 2002 174 2065 pue,
184 1980 525 2065 Capitolineluppiter,
540 2003 654 2065 precor
665 1985 702 2045 ut
711 1982 874 2046 beneficiis
886 1985 951 2048 tuis
961 1982 1070 2048 faueas
1083 2001 1109 2040 2⁰

99 2066 266 2149 tantisque
300 2066 485 2129 muneribus
525 2067 621 2131 addas
653 2067 911 2151 perpetuitatem.
952 2068 1070 2132 audisti

99 2170 181 2234 quae
208 2150 292 2214 malo
320 2149 459 2235 principi
492 2152 714 2234 precabamur,
749 2152 863 2216 exaudi
898 2174 978 2235 quae
1011 2175 1069 2236 pro

99 2235 315 2299 dissimillimo
350 2237 510 2318 optamus.
556 2257 623 2300 non
655 2239 688 2300 te
721 2236 942 2320 distringimus
974 2237 1068 2300 uotis

98 2340 167 2383 non
190 2319 274 2384 enim
295 2340 417 2402 pacem,
440 2341 506 2384 non
528 2319 742 2400 concordiam,
765 2341 833 2384 non
855 2320 1069 2402 securitatem,

100 2425 167 2468 non
189 2425 267 2488 opes
289 2425 428 2487 oramus,
457 2425 524 2468 non
550 2404 703 2468 honores:
733 2403 869 2487 simplex
891 2407 1068 2486 cunctaque
1081 2422 1108 2464 aa

99 2489 164 2553 ista
186 2487 387 2573 complexum
409 2490 552 2552 omnium
579 2491 688 2552 uotum
711 2490 768 2571 est,
792 2488 878 2551 salus
900 2487 1064 2572 principis.

99 2594 160 2637 neo
183 2593 259 2637 uero
280 2594 365 2637 noua
390 2573 451 2636 tibi
478 2572 686 2658 iniungimus.
722 2575 758 2636 tu
787 2571 874 2636 enim
899 2573 963 2636 iam
990 2575 1069 2638 tunc

99 2657 190 2721 illum
211 2658 247 2722 in
267 2658 401 2721 tutelam
421 2657 581 2742 recepisti,
606 2679 678 2722 curn
697 2657 869 2740 praedonis
890 2657 1068 2722 auidissimi

98 2742 246 2806 faucibus
269 2742 422 2827 eripuisti.
452 2743 657 2827 nequeenim
678 2743 747 2807 sine
768 2742 886 2807 auxilio
907 2747 972 2825 tuo,
996 2765 1068 2808 cum

98 2824 257 2891 altissima
295 2848 438 2924 quaeque
478 2830 701 2910 quaterentur,
736 2828 790 2892 hio
828 2827 882 2911 qui
920 2828 1068 2893 omnibus
1081 2845 1109 2885 ³⁰

98 2911 255 2975 excelsior
282 2915 352 2975 erat
383 2932 592 2976 inconcussus
622 2914 727 2978 stetit:
762 2911 952 2995 praeteritus
980 2916 1069 2976 esta

168 3180 307 3250 litamen]
328 3187 422 3235 tumd
445 3182 455 3250 ll
480 3187 511 3234 12
530 3189 560 3234 ut
579 3183 654 3234 cred.
679 3199 739 3234 esse
763 3199 819 3234 rem
837 3199 862 3248 p.
881 3200 928 3238 om.
945 3183 978 3232 W
1000 3181 1011 3249 l
1036 3186 1070 3237 14

97 3247 262 3318 defunctos]
287 3254 442 3304 disiunctos
466 3254 525 3303 edd.
548 3252 690 3304 deiunctae
716 3252 865 3302 Dicebnerus
888 3248 899 3315 ΙΙ
929 3252 960 3301 19
978 3249 1067 3319 diuos]

97 3317 167 3368 deos
185 3319 245 3369 edd.
273 3317 278 3384 Ι
305 3319 401 3371 consul
418 3334 456 3370 w:
479 3320 608 3370 consules
625 3321 653 3367 Π
675 3317 686 3384 Ι]
710 3322 742 3370 22
761 3319 879 3385 principi
897 3320 970 3369 edd:
994 3320 1068 3385 prin·

98 3385 204 3450 cipali
222 3401 272 3452 pro
290 3387 362 3438 malo
380 3388 504 3453 principe
522 3400 546 3435 w
570 3385 580 3451 ll
608 3389 641 3437 26
659 3401 742 3437 unum
760 3386 878 3436 omnium
897 3386 1067 3453 Catenaeuall

97 3451 330 3519 2ductu01l27
350 3470 423 3505 noua
440 3469 477 3504 w:
497 3469 597 3505 nouam
613 3452 729 3518 liliam
747 3456 829 3505 orac
853 3451 863 3519 ΙΙ
891 3456 923 3506 31
942 3460 1069 3521 praeter·

97 3521 155 3571 itus
173 3534 204 3587 ςε
223 3524 387 3586 perterritus
404 3524 431 3572 Η
