<?xml version="1.0" encoding="UTF-8"?>
<!DOCTYPE html PUBLIC "-//W3C//DTD XHTML 1.0 Transitional//EN"
    "http://www.w3.org/TR/xhtml1/DTD/xhtml1-transitional.dtd">
<html xmlns="http://www.w3.org/1999/xhtml" xml:lang="en" lang="en">
 <head>
  <title>
</title>
<meta http-equiv="Content-Type" content="text/html;charset=utf-8" />
  <meta name='ocr-system' content='tesseract 3.04.00' />
  <meta name='ocr-capabilities' content='ocr_page ocr_carea ocr_par ocr_line ocrx_word'/>
</head>
<body>
  <div class='ocr_page' id='page_1' title='image "./xiipanegyricila01baehgoog_0293.png"; bbox 0 0 2406 4012; ppageno 0'>
   <div class='ocr_carea' id='block_1_1' title="bbox 95 336 1108 2758">
    <p class='ocr_par' dir='ltr' id='par_1_1' title="bbox 95 336 1108 2758">
     <span class='ocr_line' id='line_1_1' title="bbox 134 336 1098 422; baseline 0.006 -24"><span class='ocrx_word' id='word_1_1' title='bbox 134 356 204 418; x_wconf 89' lang='lat' dir='ltr'>que,</span> <span class='ocrx_word' id='word_1_2' title='bbox 227 355 307 419; x_wconf 90' lang='lat' dir='ltr'>quos</span> <span class='ocrx_word' id='word_1_3' title='bbox 328 336 417 419; x_wconf 85' lang='lat' dir='ltr'>quasi</span> <span class='ocrx_word' id='word_1_4' title='bbox 439 337 637 400; x_wconf 88' lang='lat' dir='ltr'>aconsortio</span> <span class='ocrx_word' id='word_1_5' title='bbox 657 336 792 400; x_wconf 87' lang='lat' dir='ltr'>humani</span> <span class='ocrx_word' id='word_1_6' title='bbox 809 338 941 422; x_wconf 86' lang='lat' dir='ltr'>generis</span> <span class='ocrx_word' id='word_1_7' title='bbox 963 343 1098 404; x_wconf 84' lang='lat' dir='ltr'>extorres</span> 
     </span>
     <span class='ocr_line' id='line_1_2' title="bbox 134 419 1100 505; baseline 0.005 -23"><span class='ocrx_word' id='word_1_8' title='bbox 134 419 173 482; x_wconf 90' lang='lat' dir='ltr'>ab</span> <span class='ocrx_word' id='word_1_9' title='bbox 196 423 330 503; x_wconf 89' lang='lat' dir='ltr'>utroque</span> <span class='ocrx_word' id='word_1_10' title='bbox 357 442 433 484; x_wconf 82' lang='lat' dir='ltr'>sexu</span> <span class='ocrx_word' id='word_1_11' title='bbox 461 423 517 483; x_wconf 90' lang='lat' dir='ltr'>aut</span> <span class='ocrx_word' id='word_1_12' title='bbox 542 422 677 484; x_wconf 86' lang='lat' dir='ltr'>naturae</span> <span class='ocrx_word' id='word_1_13' title='bbox 704 422 795 505; x_wconf 86' lang='lat' dir='ltr'>origo</span> <span class='ocrx_word' id='word_1_14' title='bbox 824 425 881 486; x_wconf 90' lang='lat' dir='ltr'>aut</span> <span class='ocrx_word' id='word_1_15' title='bbox 905 422 1012 487; x_wconf 82' lang='lat' dir='ltr'><strong>clades</strong></span> <span class='ocrx_word' id='word_1_16' title='bbox 1039 444 1100 489; x_wconf 90' lang='lat' dir='ltr'>cor-</span> 
     </span>
     <span class='ocr_line' id='line_1_3' title="bbox 133 503 1100 588; baseline 0.006 -22"><span class='ocrx_word' id='word_1_17' title='bbox 133 505 222 586; x_wconf 85' lang='lat' dir='ltr'>poris</span> <span class='ocrx_word' id='word_1_18' title='bbox 250 505 418 588; x_wconf 90' lang='lat' dir='ltr'>separauit.</span> <span class='ocrx_word' id='word_1_19' title='bbox 463 503 508 567; x_wconf 83' lang='lat' dir='ltr'>ila</span> <span class='ocrx_word' id='word_1_20' title='bbox 530 504 696 587; x_wconf 86' lang='lat' dir='ltr'>praeclara</span> <span class='ocrx_word' id='word_1_21' title='bbox 722 504 779 569; x_wconf 89' lang='lat' dir='ltr'>illa</span> <span class='ocrx_word' id='word_1_22' title='bbox 800 510 949 571; x_wconf 88' lang='lat' dir='ltr'>ueterum</span> <span class='ocrx_word' id='word_1_23' title='bbox 972 509 1100 572; x_wconf 85' lang='lat' dir='ltr'>nomina</span> 
     </span>
     <span class='ocr_line' id='line_1_4' title="bbox 135 588 1101 674; baseline 0.005 -23"><span class='ocrx_word' id='word_1_24' title='bbox 135 588 386 652; x_wconf 87' lang='lat' dir='ltr'>sordidissimum</span> <span class='ocrx_word' id='word_1_25' title='bbox 416 609 572 671; x_wconf 83' lang='lat' dir='ltr'>quemque</span> <span class='ocrx_word' id='word_1_26' title='bbox 605 609 643 651; x_wconf 89' lang='lat' dir='ltr'>ex</span> <span class='ocrx_word' id='word_1_27' title='bbox 676 588 806 653; x_wconf 77' lang='lat' dir='ltr'>cohorte</span> <span class='ocrx_word' id='word_1_28' title='bbox 832 590 1041 674; x_wconf 86' lang='lat' dir='ltr'>imperatoria</span> <span class='ocrx_word' id='word_1_29' title='bbox 1071 595 1101 656; x_wconf 88' lang='lat' dir='ltr'>et</span> 
     </span>
     <span class='ocr_line' id='line_1_5' title="bbox 108 672 1099 758; baseline 0.001 -19"><span class='ocrx_word' id='word_1_30' title='bbox 108 673 414 755; x_wconf 79' lang='lat' dir='ltr'>aprobrosissimum</span> <span class='ocrx_word' id='word_1_31' title='bbox 447 672 629 736; x_wconf 79' lang='lat' dir='ltr'>adulabant.</span> <span class='ocrx_word' id='word_1_32' title='bbox 674 672 722 751; x_wconf 88' lang='lat' dir='ltr'>hi,</span> <span class='ocrx_word' id='word_1_33' title='bbox 758 694 830 738; x_wconf 91' lang='lat' dir='ltr'>cum</span> <span class='ocrx_word' id='word_1_34' title='bbox 859 675 893 738; x_wconf 89' lang='lat' dir='ltr'>in</span> <span class='ocrx_word' id='word_1_35' title='bbox 922 677 1099 758; x_wconf 88' lang='lat' dir='ltr'>prouincias</span> 
     </span>
     <span class='ocr_line' id='line_1_6' title="bbox 134 757 1100 842; baseline 0.005 -23"><span class='ocrx_word' id='word_1_36' title='bbox 134 758 268 819; x_wconf 84' lang='lat' dir='ltr'>immissi</span> <span class='ocrx_word' id='word_1_37' title='bbox 291 758 391 837; x_wconf 86' lang='lat' dir='ltr'>erant,</span> <span class='ocrx_word' id='word_1_38' title='bbox 415 778 477 839; x_wconf 90' lang='lat' dir='ltr'>qua</span> <span class='ocrx_word' id='word_1_39' title='bbox 496 778 586 820; x_wconf 80' lang='lat' dir='ltr'>saera</span> <span class='ocrx_word' id='word_1_40' title='bbox 609 778 671 839; x_wconf 89' lang='lat' dir='ltr'>qua</span> <span class='ocrx_word' id='word_1_41' title='bbox 686 757 824 839; x_wconf 87' lang='lat' dir='ltr'>profana</span> <span class='ocrx_word' id='word_1_42' title='bbox 840 759 1023 842; x_wconf 81' lang='lat' dir='ltr'>rapiebant,</span> <span class='ocrx_word' id='word_1_43' title='bbox 1046 760 1100 824; x_wconf 87' lang='lat' dir='ltr'>iter</span> 
     </span>
     <span class='ocr_line' id='line_1_7' title="bbox 134 840 854 906; baseline 0.004 -3"><span class='ocrx_word' id='word_1_44' title='bbox 134 841 194 904; x_wconf 90' lang='lat' dir='ltr'>sibi</span> <span class='ocrx_word' id='word_1_45' title='bbox 218 843 258 903; x_wconf 87' lang='lat' dir='ltr'>ad</span> <span class='ocrx_word' id='word_1_46' title='bbox 281 841 484 904; x_wconf 90' lang='lat' dir='ltr'>consulatum</span> <span class='ocrx_word' id='word_1_47' title='bbox 529 840 641 905; x_wconf 90' lang='lat' dir='ltr'>ecunia</span> <span class='ocrx_word' id='word_1_48' title='bbox 663 842 854 906; x_wconf 77' lang='lat' dir='ltr'>munientes,</span> 
     </span>
     <span class='ocr_line' id='line_1_8' title="bbox 197 864 1101 1008; baseline 0.004 -20"><span class='ocrx_word' id='word_1_49' title='bbox 197 924 268 989; x_wconf 89' lang='lat' dir='ltr'>XX.</span> <span class='ocrx_word' id='word_1_50' title='bbox 319 925 431 1008; x_wconf 90' lang='lat' dir='ltr'>Itaque</span> <span class='ocrx_word' id='word_1_51' title='bbox 459 864 583 989; x_wconf 91' lang='lat' dir='ltr'>nullum</span> <span class='ocrx_word' id='word_1_52' title='bbox 609 925 675 988; x_wconf 88' lang='lat' dir='ltr'>iam</span> <span class='ocrx_word' id='word_1_53' title='bbox 704 929 772 989; x_wconf 89' lang='lat' dir='ltr'>erat</span> <span class='ocrx_word' id='word_1_54' title='bbox 799 926 960 990; x_wconf 90' lang='lat' dir='ltr'>bonarum</span> <span class='ocrx_word' id='word_1_55' title='bbox 989 929 1101 992; x_wconf 87' lang='lat' dir='ltr'>artium</span> 
     </span>
     <span class='ocr_line' id='line_1_9' title="bbox 134 1009 1101 1096; baseline 0.002 -23"><span class='ocrx_word' id='word_1_56' title='bbox 134 1009 283 1073; x_wconf 83' lang='lat' dir='ltr'>studium.</span> <span class='ocrx_word' id='word_1_57' title='bbox 330 1009 464 1073; x_wconf 88' lang='lat' dir='ltr'>militiae</span> <span class='ocrx_word' id='word_1_58' title='bbox 491 1009 582 1073; x_wconf 91' lang='lat' dir='ltr'>labor</span> <span class='ocrx_word' id='word_1_59' title='bbox 614 1030 633 1072; x_wconf 88' lang='lat' dir='ltr'>a</span> <span class='ocrx_word' id='word_1_60' title='bbox 659 1009 861 1074; x_wconf 88' lang='lat' dir='ltr'>nobilissimo</span> <span class='ocrx_word' id='word_1_61' title='bbox 889 1031 1020 1094; x_wconf 89' lang='lat' dir='ltr'>quoque</span> <span class='ocrx_word' id='word_1_62' title='bbox 1046 1032 1101 1096; x_wconf 93' lang='lat' dir='ltr'>pro</span> 
     </span>
     <span class='ocr_line' id='line_1_10' title="bbox 96 1093 1103 1160; baseline 0 -1"><span class='ocrx_word' id='word_1_63' title='bbox 96 1122 121 1160; x_wconf 90' lang='lat'>10</span> <span class='ocrx_word' id='word_1_64' title='bbox 135 1095 261 1157; x_wconf 85' lang='lat' dir='ltr'>sordido</span> <span class='ocrx_word' id='word_1_65' title='bbox 290 1099 321 1158; x_wconf 84' lang='lat' dir='ltr'>et</span> <span class='ocrx_word' id='word_1_66' title='bbox 342 1093 492 1158; x_wconf 87' lang='lat' dir='ltr'>illiberali</span> <span class='ocrx_word' id='word_1_67' title='bbox 514 1093 716 1157; x_wconf 89' lang='lat' dir='ltr'>reiciebatur.</span> <span class='ocrx_word' id='word_1_68' title='bbox 761 1094 841 1158; x_wconf 91' lang='lat' dir='ltr'>iuris</span> <span class='ocrx_word' id='word_1_69' title='bbox 869 1095 975 1159; x_wconf 89' lang='lat' dir='ltr'>ciuilis</span> <span class='ocrx_word' id='word_1_70' title='bbox 1005 1096 1103 1160; x_wconf 87' lang='lat' dir='ltr'>scien-</span> 
     </span>
     <span class='ocr_line' id='line_1_11' title="bbox 133 1176 1104 1262; baseline 0.002 -21"><span class='ocrx_word' id='word_1_71' title='bbox 133 1180 188 1261; x_wconf 82' lang='lat' dir='ltr'>tia,</span> <span class='ocrx_word' id='word_1_72' title='bbox 211 1200 291 1261; x_wconf 86' lang='lat' dir='ltr'>quae</span> <span class='ocrx_word' id='word_1_73' title='bbox 313 1178 452 1242; x_wconf 88' lang='lat' dir='ltr'>Manlios</span> <span class='ocrx_word' id='word_1_74' title='bbox 472 1176 642 1242; x_wconf 79' lang='lat' dir='ltr'>Scaeuolae</span> <span class='ocrx_word' id='word_1_75' title='bbox 662 1176 789 1241; x_wconf 82' lang='lat' dir='ltr'>Seruios</span> <span class='ocrx_word' id='word_1_76' title='bbox 811 1179 847 1241; x_wconf 89' lang='lat' dir='ltr'>in</span> <span class='ocrx_word' id='word_1_77' title='bbox 870 1178 1104 1262; x_wconf 88' lang='lat' dir='ltr'>amplissimum</span> 
     </span>
     <span class='ocr_line' id='line_1_12' title="bbox 134 1261 1104 1346; baseline 0.002 -21"><span class='ocrx_word' id='word_1_78' title='bbox 134 1262 270 1346; x_wconf 81' lang='lat' dir='ltr'>gradum</span> <span class='ocrx_word' id='word_1_79' title='bbox 292 1262 460 1345; x_wconf 84' lang='lat' dir='ltr'>dignitatis</span> <span class='ocrx_word' id='word_1_80' title='bbox 483 1261 598 1344; x_wconf 82' lang='lat' dir='ltr'>auexit,</span> <span class='ocrx_word' id='word_1_81' title='bbox 621 1261 808 1326; x_wconf 88' lang='lat' dir='ltr'>libertorum</span> <span class='ocrx_word' id='word_1_82' title='bbox 830 1263 1005 1327; x_wconf 87' lang='lat' dir='ltr'>artificium</span> <span class='ocrx_word' id='word_1_83' title='bbox 1024 1263 1104 1327; x_wconf 89' lang='lat' dir='ltr'>diee-</span> 
     </span>
     <span class='ocr_line' id='line_1_13' title="bbox 134 1345 1104 1411; baseline 0 -1"><span class='ocrx_word' id='word_1_84' title='bbox 134 1348 237 1410; x_wconf 88' lang='lat' dir='ltr'>batur.</span> <span class='ocrx_word' id='word_1_85' title='bbox 267 1346 439 1409; x_wconf 88' lang='lat' dir='ltr'>oratoriam</span> <span class='ocrx_word' id='word_1_86' title='bbox 462 1345 589 1409; x_wconf 90' lang='lat' dir='ltr'>dicendi</span> <span class='ocrx_word' id='word_1_87' title='bbox 604 1346 791 1410; x_wconf 85' lang='lat' dir='ltr'>facultatem</span> <span class='ocrx_word' id='word_1_88' title='bbox 813 1347 965 1410; x_wconf 75' lang='lat' dir='ltr'>etmulti</span> <span class='ocrx_word' id='word_1_89' title='bbox 986 1347 1104 1411; x_wconf 89' lang='lat' dir='ltr'>laboris</span> 
     </span>
     <span class='ocr_line' id='line_1_14' title="bbox 134 1429 1105 1515; baseline 0.001 -21"><span class='ocrx_word' id='word_1_90' title='bbox 134 1435 167 1494; x_wconf 90' lang='lat' dir='ltr'>et</span> <span class='ocrx_word' id='word_1_91' title='bbox 180 1429 306 1494; x_wconf 87' lang='lat' dir='ltr'>minimi</span> <span class='ocrx_word' id='word_1_92' title='bbox 328 1451 403 1493; x_wconf 90' lang='lat' dir='ltr'>usus</span> <span class='ocrx_word' id='word_1_93' title='bbox 424 1430 591 1514; x_wconf 86' lang='lat' dir='ltr'>negotium</span> <span class='ocrx_word' id='word_1_94' title='bbox 613 1431 716 1495; x_wconf 83' lang='lat' dir='ltr'>nostri</span> <span class='ocrx_word' id='word_1_95' title='bbox 731 1451 879 1514; x_wconf 79' lang='lat' dir='ltr'>proceres</span> <span class='ocrx_word' id='word_1_96' title='bbox 899 1432 1105 1515; x_wconf 83' lang='lat' dir='ltr'>respuebant,</span> 
     </span>
     <span class='ocr_line' id='line_1_15' title="bbox 96 1514 1105 1599; baseline -0.001 -20"><span class='ocrx_word' id='word_1_97' title='bbox 96 1540 121 1579; x_wconf 86' lang='lat'>15</span> <span class='ocrx_word' id='word_1_98' title='bbox 134 1514 210 1579; x_wconf 91' lang='lat' dir='ltr'>dum</span> <span class='ocrx_word' id='word_1_99' title='bbox 237 1514 384 1578; x_wconf 85' lang='lat' dir='ltr'>homines</span> <span class='ocrx_word' id='word_1_100' title='bbox 414 1514 555 1578; x_wconf 91' lang='lat' dir='ltr'>noluisse</span> <span class='ocrx_word' id='word_1_101' title='bbox 588 1515 690 1578; x_wconf 89' lang='lat' dir='ltr'>uideri</span> <span class='ocrx_word' id='word_1_102' title='bbox 720 1514 834 1578; x_wconf 84' lang='lat' dir='ltr'>uolunt</span> <span class='ocrx_word' id='word_1_103' title='bbox 865 1514 950 1598; x_wconf 91' lang='lat' dir='ltr'>quod</span> <span class='ocrx_word' id='word_1_104' title='bbox 979 1516 1105 1599; x_wconf 83' lang='lat' dir='ltr'>assequi</span> 
     </span>
     <span class='ocr_line' id='line_1_16' title="bbox 133 1599 1106 1747; baseline 0 -84"><span class='ocrx_word' id='word_1_105' title='bbox 133 1601 357 1683; x_wconf 88' lang='lat' dir='ltr'>nequiuerunt.</span> <span class='ocrx_word' id='word_1_106' title='bbox 402 1602 434 1662; x_wconf 86' lang='lat' dir='ltr'>et</span> <span class='ocrx_word' id='word_1_107' title='bbox 460 1620 535 1663; x_wconf 88' lang='lat' dir='ltr'>uere</span> <span class='ocrx_word' id='word_1_108' title='bbox 556 1602 684 1663; x_wconf 87' lang='lat' dir='ltr'>tantum</span> <span class='ocrx_word' id='word_1_109' title='bbox 712 1599 830 1663; x_wconf 87' lang='lat' dir='ltr'>laboris</span> <span class='ocrx_word' id='word_1_110' title='bbox 855 1599 1106 1747; x_wconf 71' lang='lat' dir='ltr'>uigiliarumque</span> 
     </span>
     <span class='ocr_line' id='line_1_17' title="bbox 133 1683 1107 1768; baseline 0 -20"><span class='ocrx_word' id='word_1_111' title='bbox 133 1685 294 1768; x_wconf 84' lang='lat' dir='ltr'>suscipere</span> <span class='ocrx_word' id='word_1_112' title='bbox 327 1684 367 1747; x_wconf 91' lang='lat' dir='ltr'>ad</span> <span class='ocrx_word' id='word_1_113' title='bbox 395 1684 427 1747; x_wconf 92' lang='lat' dir='ltr'>id</span> <span class='ocrx_word' id='word_1_114' title='bbox 457 1683 696 1767; x_wconf 88' lang='lat' dir='ltr'>adipiscendum</span> <span class='ocrx_word' id='word_1_115' title='bbox 731 1683 819 1747; x_wconf 88' lang='lat' dir='ltr'>ouius</span> <span class='ocrx_word' id='word_1_116' title='bbox 853 1705 929 1747; x_wconf 91' lang='lat' dir='ltr'>usus</span> <span class='ocrx_word' id='word_1_117' title='bbox 959 1705 1047 1768; x_wconf 84' lang='lat' dir='ltr'>agen</span> <span class='ocrx_word' id='word_1_118' title='bbox 1070 1705 1107 1748; x_wconf 90' lang='lat' dir='ltr'>ae</span> 
     </span>
     <span class='ocr_line' id='line_1_18' title="bbox 133 1766 1105 1833; baseline -0.001 -1"><span class='ocrx_word' id='word_1_119' title='bbox 133 1769 220 1832; x_wconf 87' lang='lat' dir='ltr'>uitae</span> <span class='ocrx_word' id='word_1_120' title='bbox 242 1772 432 1833; x_wconf 87' lang='lat' dir='ltr'>ornamenta</span> <span class='ocrx_word' id='word_1_121' title='bbox 456 1790 523 1833; x_wconf 93' lang='lat' dir='ltr'>non</span> <span class='ocrx_word' id='word_1_122' title='bbox 545 1767 713 1832; x_wconf 87' lang='lat' dir='ltr'>adiuuaret</span> <span class='ocrx_word' id='word_1_123' title='bbox 734 1767 896 1831; x_wconf 87' lang='lat' dir='ltr'>dementia</span> <span class='ocrx_word' id='word_1_124' title='bbox 918 1766 1105 1832; x_wconf 84' lang='lat' dir='ltr'>ducebatur.</span> 
     </span>
     <span class='ocr_line' id='line_1_19' title="bbox 134 1851 1106 1936; baseline 0.001 -21"><span class='ocrx_word' id='word_1_125' title='bbox 134 1855 242 1936; x_wconf 87' lang='lat' dir='ltr'>itaque</span> <span class='ocrx_word' id='word_1_126' title='bbox 264 1875 360 1917; x_wconf 92' lang='lat' dir='ltr'>omne</span> <span class='ocrx_word' id='word_1_127' title='bbox 382 1853 522 1917; x_wconf 88' lang='lat' dir='ltr'>studium</span> <span class='ocrx_word' id='word_1_128' title='bbox 544 1852 699 1935; x_wconf 89' lang='lat' dir='ltr'>pecuniae</span> <span class='ocrx_word' id='word_1_129' title='bbox 723 1851 970 1916; x_wconf 87' lang='lat' dir='ltr'>coaceruandae.</span> <span class='ocrx_word' id='word_1_130' title='bbox 1013 1856 1106 1916; x_wconf 86' lang='lat' dir='ltr'>tanto</span> 
     </span>
     <span class='ocr_line' id='line_1_20' title="bbox 95 1936 1106 2020; baseline -0.001 -18"><span class='ocrx_word' id='word_1_131' title='bbox 95 1962 121 2002; x_wconf 83' lang='lat' dir='ltr'>ao</span> <span class='ocrx_word' id='word_1_132' title='bbox 136 1937 221 1999; x_wconf 91' lang='lat' dir='ltr'>enim</span> <span class='ocrx_word' id='word_1_133' title='bbox 249 1937 380 2019; x_wconf 89' lang='lat' dir='ltr'>quisque</span> <span class='ocrx_word' id='word_1_134' title='bbox 408 1937 458 2000; x_wconf 91' lang='lat' dir='ltr'>uir</span> <span class='ocrx_word' id='word_1_135' title='bbox 486 1936 598 2000; x_wconf 92' lang='lat' dir='ltr'>melior</span> <span class='ocrx_word' id='word_1_136' title='bbox 626 1939 745 2020; x_wconf 86' lang='lat' dir='ltr'>quanto</span> <span class='ocrx_word' id='word_1_137' title='bbox 773 1936 980 2020; x_wconf 90' lang='lat' dir='ltr'>pecuniosior</span> <span class='ocrx_word' id='word_1_138' title='bbox 1008 1936 1106 2001; x_wconf 87' lang='lat' dir='ltr'>habe·</span> 
     </span>
     <span class='ocr_line' id='line_1_21' title="bbox 134 2020 1107 2104; baseline 0 -21"><span class='ocrx_word' id='word_1_139' title='bbox 134 2021 237 2083; x_wconf 87' lang='lat' dir='ltr'>batur.</span> <span class='ocrx_word' id='word_1_140' title='bbox 267 2021 330 2082; x_wconf 90' lang='lat' dir='ltr'>iam</span> <span class='ocrx_word' id='word_1_141' title='bbox 347 2021 505 2084; x_wconf 91' lang='lat' dir='ltr'>seruiendi</span> <span class='ocrx_word' id='word_1_142' title='bbox 526 2021 709 2085; x_wconf 88' lang='lat' dir='ltr'>miseranda</span> <span class='ocrx_word' id='word_1_143' title='bbox 722 2021 890 2104; x_wconf 87' lang='lat' dir='ltr'>patientia,</span> <span class='ocrx_word' id='word_1_144' title='bbox 914 2020 1107 2085; x_wconf 88' lang='lat' dir='ltr'>adsentandi</span> 
     </span>
     <span class='ocr_line' id='line_1_22' title="bbox 134 2102 1108 2169; baseline 0.001 -2"><span class='ocrx_word' id='word_1_145' title='bbox 134 2104 215 2167; x_wconf 88' lang='lat' dir='ltr'>mira</span> <span class='ocrx_word' id='word_1_146' title='bbox 250 2102 415 2168; x_wconf 85' lang='lat' dir='ltr'>calliditas.</span> <span class='ocrx_word' id='word_1_147' title='bbox 463 2104 684 2168; x_wconf 89' lang='lat' dir='ltr'>ministrorum</span> <span class='ocrx_word' id='word_1_148' title='bbox 717 2105 807 2168; x_wconf 87' lang='lat' dir='ltr'>aulae</span> <span class='ocrx_word' id='word_1_149' title='bbox 842 2104 959 2169; x_wconf 88' lang='lat' dir='ltr'>cotidie</span> <span class='ocrx_word' id='word_1_150' title='bbox 994 2104 1108 2169; x_wconf 91' lang='lat' dir='ltr'>limina</span> 
     </span>
     <span class='ocr_line' id='line_1_23' title="bbox 134 2188 1106 2273; baseline -0.001 -20"><span class='ocrx_word' id='word_1_151' title='bbox 134 2189 330 2255; x_wconf 86' lang='lat' dir='ltr'>terebantur.</span> <span class='ocrx_word' id='word_1_152' title='bbox 374 2189 520 2253; x_wconf 84' lang='lat' dir='ltr'>adfores</span> <span class='ocrx_word' id='word_1_153' title='bbox 543 2210 654 2252; x_wconf 89' lang='lat' dir='ltr'>eorum</span> <span class='ocrx_word' id='word_1_154' title='bbox 676 2191 730 2272; x_wconf 89' lang='lat' dir='ltr'>qui</span> <span class='ocrx_word' id='word_1_155' title='bbox 752 2188 850 2273; x_wconf 82' lang='lat' dir='ltr'>regiis</span> <span class='ocrx_word' id='word_1_156' title='bbox 873 2188 1106 2272; x_wconf 87' lang='lat' dir='ltr'>cupiditatibus</span> 
     </span>
     <span class='ocr_line' id='line_1_24' title="bbox 135 2273 1106 2358; baseline 0 -21"><span class='ocrx_word' id='word_1_157' title='bbox 135 2274 319 2338; x_wconf 89' lang='lat' dir='ltr'>seruiebant</span> <span class='ocrx_word' id='word_1_158' title='bbox 354 2275 479 2339; x_wconf 90' lang='lat' dir='ltr'>crebros</span> <span class='ocrx_word' id='word_1_159' title='bbox 511 2274 665 2357; x_wconf 88' lang='lat' dir='ltr'>patriciae</span> <span class='ocrx_word' id='word_1_160' title='bbox 693 2273 800 2358; x_wconf 81' lang='lat' dir='ltr'>gentis</span> <span class='ocrx_word' id='word_1_161' title='bbox 832 2273 921 2337; x_wconf 89' lang='lat' dir='ltr'>uiros</span> <span class='ocrx_word' id='word_1_162' title='bbox 959 2294 1106 2338; x_wconf 88' lang='lat' dir='ltr'>cerneres</span> 
     </span>
     <span class='ocr_line' id='line_1_25' title="bbox 96 2357 1106 2455; baseline 0 -33"><span class='ocrx_word' id='word_1_163' title='bbox 96 2381 122 2422; x_wconf 79' lang='lat' dir='ltr'>as</span> <span class='ocrx_word' id='word_1_164' title='bbox 136 2360 175 2423; x_wconf 90' lang='lat' dir='ltr'>ab</span> <span class='ocrx_word' id='word_1_165' title='bbox 202 2359 382 2424; x_wconf 90' lang='lat' dir='ltr'>huiusmodi</span> <span class='ocrx_word' id='word_1_166' title='bbox 411 2359 565 2423; x_wconf 91' lang='lat' dir='ltr'>dedecore</span> <span class='ocrx_word' id='word_1_167' title='bbox 592 2379 658 2421; x_wconf 95' lang='lat' dir='ltr'>non</span> <span class='ocrx_word' id='word_1_168' title='bbox 685 2357 795 2440; x_wconf 90' lang='lat' dir='ltr'>imbri,</span> <span class='ocrx_word' id='word_1_169' title='bbox 824 2379 893 2423; x_wconf 92' lang='lat' dir='ltr'>non</span> <span class='ocrx_word' id='word_1_170' title='bbox 918 2357 1011 2455; x_wconf 81' lang='lat' dir='ltr'>gelu,</span> <span class='ocrx_word' id='word_1_171' title='bbox 1038 2379 1106 2422; x_wconf 89' lang='lat' dir='ltr'>non</span> 
     </span>
     <span class='ocr_line' id='line_1_26' title="bbox 135 2441 1105 2527; baseline -0.001 -20"><span class='ocrx_word' id='word_1_172' title='bbox 135 2444 346 2509; x_wconf 86' lang='lat' dir='ltr'>amaritudine</span> <span class='ocrx_word' id='word_1_173' title='bbox 368 2445 469 2527; x_wconf 89' lang='lat' dir='ltr'>ipsius</span> <span class='ocrx_word' id='word_1_174' title='bbox 492 2443 627 2507; x_wconf 88' lang='lat' dir='ltr'>iniuriae</span> <span class='ocrx_word' id='word_1_175' title='bbox 650 2441 811 2507; x_wconf 87' lang='lat' dir='ltr'>deterreri.</span> <span class='ocrx_word' id='word_1_176' title='bbox 847 2441 978 2506; x_wconf 77' lang='lat' dir='ltr'>demissi</span> <span class='ocrx_word' id='word_1_177' title='bbox 1001 2443 1105 2506; x_wconf 86' lang='lat' dir='ltr'>iacen-</span> 
     </span>
     <span class='ocr_line' id='line_1_27' title="bbox 135 2525 1106 2612; baseline -0.003 -20"><span class='ocrx_word' id='word_1_178' title='bbox 135 2533 245 2612; x_wconf 85' lang='lat' dir='ltr'>tesque</span> <span class='ocrx_word' id='word_1_179' title='bbox 279 2529 333 2591; x_wconf 85' lang='lat' dir='ltr'>uix</span> <span class='ocrx_word' id='word_1_180' title='bbox 367 2529 474 2612; x_wconf 88' lang='lat' dir='ltr'>capita</span> <span class='ocrx_word' id='word_1_181' title='bbox 508 2549 545 2591; x_wconf 88' lang='lat' dir='ltr'>su</span> <span class='ocrx_word' id='word_1_182' title='bbox 568 2549 604 2590; x_wconf 87' lang='lat' dir='ltr'>ra</span> <span class='ocrx_word' id='word_1_183' title='bbox 636 2548 746 2591; x_wconf 89' lang='lat' dir='ltr'>eorum</span> <span class='ocrx_word' id='word_1_184' title='bbox 779 2547 857 2609; x_wconf 86' lang='lat' dir='ltr'>quos</span> <span class='ocrx_word' id='word_1_185' title='bbox 889 2525 1106 2609; x_wconf 88' lang='lat' dir='ltr'>precabantur</span> 
     </span>
     <span class='ocr_line' id='line_1_28' title="bbox 135 2609 1105 2758; baseline -0.002 -83"><span class='ocrx_word' id='word_1_186' title='bbox 135 2635 241 2758; x_wconf 50' lang='lat' dir='ltr'>genua</span> <span class='ocrx_word' id='word_1_187' title='bbox 268 2613 469 2676; x_wconf 88' lang='lat' dir='ltr'>attollebant.</span> <span class='ocrx_word' id='word_1_188' title='bbox 515 2634 534 2675; x_wconf 88' lang='lat' dir='ltr'>a</span> <span class='ocrx_word' id='word_1_189' title='bbox 576 2615 772 2695; x_wconf 88' lang='lat' dir='ltr'>postremum</span> <span class='ocrx_word' id='word_1_190' title='bbox 800 2610 937 2674; x_wconf 91' lang='lat' dir='ltr'>honores</span> <span class='ocrx_word' id='word_1_191' title='bbox 964 2631 1033 2674; x_wconf 93' lang='lat' dir='ltr'>non</span> <span class='ocrx_word' id='word_1_192' title='bbox 1061 2609 1105 2673; x_wconf 90' lang='lat' dir='ltr'>in-</span> 
     </span>
    </p>
   </div>
   <div class='ocr_carea' id='block_1_2' title="bbox 133 183 764 247">
    <p class='ocr_par' dir='ltr' id='par_1_2' title="bbox 133 183 764 247">
     <span class='ocr_line' id='line_1_29' title="bbox 133 183 764 247; baseline -0.016 0"><span class='ocrx_word' id='word_1_193' title='bbox 133 183 197 247; x_wconf 75' lang='lat'>250</span> <span class='ocrx_word' id='word_1_194' title='bbox 476 186 523 238; x_wconf 86' lang='lat' dir='ltr'>x1.</span> <span class='ocrx_word' id='word_1_195' title='bbox 554 188 764 239; x_wconf 68' lang='lat' dir='ltr'>transcensi</span> 
     </span>
    </p>
   </div>
   <div class='ocr_carea' id='block_1_3' title="bbox 97 2693 1106 2843">
    <p class='ocr_par' dir='ltr' id='par_1_3' title="bbox 97 2693 1106 2843">
     <span class='ocr_line' id='line_1_30' title="bbox 157 2693 1106 2840; baseline -0.001 -82"><span class='ocrx_word' id='word_1_196' title='bbox 157 2696 302 2840; x_wconf 61' lang='lat' dir='ltr'>roiobau’q</span> <span class='ocrx_word' id='word_1_197' title='bbox 319 2695 539 2758; x_wconf 89' lang='lat' dir='ltr'>beniuolentia</span> <span class='ocrx_word' id='word_1_198' title='bbox 562 2696 784 2779; x_wconf 84' lang='lat' dir='ltr'>superborum,</span> <span class='ocrx_word' id='word_1_199' title='bbox 808 2694 864 2761; x_wconf 92' lang='lat' dir='ltr'>sed</span> <span class='ocrx_word' id='word_1_200' title='bbox 886 2693 1106 2758; x_wconf 87' lang='lat' dir='ltr'>misericordia</span> 
     </span>
     <span class='ocr_line' id='line_1_31' title="bbox 97 2798 348 2843; baseline -0.016 0"><span class='ocrx_word' id='word_1_201' title='bbox 97 2802 123 2842; x_wconf 82' lang='lat' dir='ltr'>eo</span> <span class='ocrx_word' id='word_1_202' title='bbox 136 2798 222 2843; x_wconf 87' lang='lat' dir='ltr'>mere</span> <span class='ocrx_word' id='word_1_203' title='bbox 246 2798 285 2839; x_wconf 89' lang='lat' dir='ltr'>an</span> <span class='ocrx_word' id='word_1_204' title='bbox 302 2799 348 2840; x_wconf 91' lang='lat' dir='ltr'>ur.</span> 
     </span>
    </p>
   </div>
   <div class='ocr_carea' id='block_1_4' title="bbox 137 3030 1110 3572">
    <p class='ocr_par' dir='ltr' id='par_1_4' title="bbox 137 3030 1110 3572">
     <span class='ocr_line' id='line_1_32' title="bbox 205 3030 1105 3101; baseline -0.001 -16"><span class='ocrx_word' id='word_1_205' title='bbox 205 3039 220 3085; x_wconf 78' lang='lat'>‘2</span> <span class='ocrx_word' id='word_1_206' title='bbox 240 3035 333 3087; x_wconf 85' lang='lat' dir='ltr'>clades</span> <span class='ocrx_word' id='word_1_207' title='bbox 351 3049 387 3084; x_wconf 82' lang='lat' dir='ltr'>w:</span> <span class='ocrx_word' id='word_1_208' title='bbox 408 3034 493 3086; x_wconf 87' lang='lat' dir='ltr'>cladis</span> <span class='ocrx_word' id='word_1_209' title='bbox 510 3037 537 3083; x_wconf 78' lang='lat' dir='ltr'>ll</span> <span class='ocrx_word' id='word_1_210' title='bbox 554 3032 564 3099; x_wconf 92' lang='grc'>11</span> <span class='ocrx_word' id='word_1_211' title='bbox 582 3040 597 3085; x_wconf 80' lang='lat'>5</span> <span class='ocrx_word' id='word_1_212' title='bbox 616 3035 809 3098; x_wconf 86' lang='lat' dir='ltr'>probissimum</span> <span class='ocrx_word' id='word_1_213' title='bbox 827 3035 844 3082; x_wconf 77' lang='lat'><strong>0</strong></span> <span class='ocrx_word' id='word_1_214' title='bbox 862 3030 905 3099; x_wconf 83' lang='grc'>16</span> <span class='ocrx_word' id='word_1_215' title='bbox 925 3049 980 3099; x_wconf 89' lang='lat' dir='ltr'>qua</span> <span class='ocrx_word' id='word_1_216' title='bbox 993 3061 1027 3070; x_wconf 94' lang='lat'><em>-</em></span> <span class='ocrx_word' id='word_1_217' title='bbox 1039 3030 1105 3101; x_wconf 83' lang='lat' dir='ltr'>que]</span> 
     </span>
     <span class='ocr_line' id='line_1_33' title="bbox 138 3098 1107 3168; baseline -0.002 -14"><span class='ocrx_word' id='word_1_218' title='bbox 138 3108 229 3154; x_wconf 89' lang='lat' dir='ltr'>omnia</span> <span class='ocrx_word' id='word_1_219' title='bbox 247 3131 280 3139; x_wconf 94' lang='lat'>-</span> <span class='ocrx_word' id='word_1_220' title='bbox 298 3105 388 3154; x_wconf 87' lang='lat' dir='ltr'>omnia</span> <span class='ocrx_word' id='word_1_221' title='bbox 406 3117 430 3152; x_wconf 83' lang='lat' dir='ltr'>w</span> <span class='ocrx_word' id='word_1_222' title='bbox 460 3103 470 3168; x_wconf 89' lang='grc'>11</span> <span class='ocrx_word' id='word_1_223' title='bbox 501 3107 531 3154; x_wconf 93' lang='grc'>11</span> <span class='ocrx_word' id='word_1_224' title='bbox 551 3102 678 3154; x_wconf 84' lang='lat' dir='ltr'>manilius</span> <span class='ocrx_word' id='word_1_225' title='bbox 696 3101 719 3150; x_wconf 78' lang='lat' dir='ltr'>A</span> <span class='ocrx_word' id='word_1_226' title='bbox 736 3100 883 3152; x_wconf 80' lang='lat' dir='ltr'>malliosc</span> <span class='ocrx_word' id='word_1_227' title='bbox 914 3098 925 3166; x_wconf 90' lang='grc'>1</span> <span class='ocrx_word' id='word_1_228' title='bbox 957 3103 989 3151; x_wconf 80' lang='lat'>12</span> <span class='ocrx_word' id='word_1_229' title='bbox 1009 3116 1107 3152; x_wconf 79' lang='lat' dir='ltr'>enexa-</span> 
     </span>
     <span class='ocr_line' id='line_1_34' title="bbox 137 3166 1108 3236; baseline -0.005 -15"><span class='ocrx_word' id='word_1_230' title='bbox 137 3174 174 3223; x_wconf 85' lang='lat' dir='ltr'>rit</span> <span class='ocrx_word' id='word_1_231' title='bbox 192 3174 209 3220; x_wconf 80' lang='lat'><strong>0</strong></span> <span class='ocrx_word' id='word_1_232' title='bbox 227 3178 359 3222; x_wconf 83' lang='lat' dir='ltr'>euexerat</span> <span class='ocrx_word' id='word_1_233' title='bbox 377 3173 454 3233; x_wconf 69' lang='lat' dir='ltr'>edd!</span> <span class='ocrx_word' id='word_1_234' title='bbox 474 3172 664 3223; x_wconf 84' lang='lat' dir='ltr'>libertinorum</span> <span class='ocrx_word' id='word_1_235' title='bbox 683 3184 700 3236; x_wconf 90' lang='grc' dir='ltr'><strong><em>ς</em></strong></span> <span class='ocrx_word' id='word_1_236' title='bbox 717 3172 775 3220; x_wconf 85' lang='lat' dir='ltr'>cdd.</span> <span class='ocrx_word' id='word_1_237' title='bbox 800 3166 810 3234; x_wconf 94' lang='grc'>11</span> <span class='ocrx_word' id='word_1_238' title='bbox 835 3171 867 3220; x_wconf 87' lang='grc'>13</span> <span class='ocrx_word' id='word_1_239' title='bbox 885 3173 917 3219; x_wconf 84' lang='lat' dir='ltr'>ut</span> <span class='ocrx_word' id='word_1_240' title='bbox 934 3184 998 3233; x_wconf 70' lang='lat' dir='ltr'>epo.-</span> <span class='ocrx_word' id='word_1_241' title='bbox 1016 3186 1064 3221; x_wconf 88' lang='lat' dir='ltr'>om.</span> <span class='ocrx_word' id='word_1_242' title='bbox 1082 3170 1108 3216; x_wconf 79' lang='grc' dir='ltr'>Ι</span> 
     </span>
     <span class='ocr_line' id='line_1_35' title="bbox 139 3234 1108 3304; baseline -0.002 -15"><span class='ocrx_word' id='word_1_243' title='bbox 139 3238 152 3304; x_wconf 92' lang='grc'>11</span> <span class='ocrx_word' id='word_1_244' title='bbox 184 3242 215 3291; x_wconf 82' lang='grc'>15</span> <span class='ocrx_word' id='word_1_245' title='bbox 239 3240 358 3290; x_wconf 89' lang='lat' dir='ltr'>uoluisse</span> <span class='ocrx_word' id='word_1_246' title='bbox 379 3241 407 3287; x_wconf 79' lang='lat'>11</span> <span class='ocrx_word' id='word_1_247' title='bbox 436 3237 446 3304; x_wconf 90' lang='grc'>11</span> <span class='ocrx_word' id='word_1_248' title='bbox 483 3242 513 3290; x_wconf 83' lang='grc'>19</span> <span class='ocrx_word' id='word_1_249' title='bbox 536 3240 710 3304; x_wconf 75' lang='lat' dir='ltr'>partitaque</span> <span class='ocrx_word' id='word_1_250' title='bbox 733 3251 758 3285; x_wconf 79' lang='lat' dir='ltr'><strong>w</strong></span> <span class='ocrx_word' id='word_1_251' title='bbox 780 3239 842 3289; x_wconf 85' lang='lat' dir='ltr'>add.</span> <span class='ocrx_word' id='word_1_252' title='bbox 865 3239 925 3286; x_wconf 89' lang='lat' dir='ltr'>erat</span> <span class='ocrx_word' id='word_1_253' title='bbox 954 3234 965 3301; x_wconf 91' lang='lat' dir='ltr'>l</span> <span class='ocrx_word' id='word_1_254' title='bbox 998 3239 1031 3287; x_wconf 77' lang='lat'>21</span> <span class='ocrx_word' id='word_1_255' title='bbox 1055 3250 1108 3287; x_wconf 87' lang='lat' dir='ltr'>scr·</span> 
     </span>
     <span class='ocr_line' id='line_1_36' title="bbox 137 3306 1107 3373; baseline -0.004 -16"><span class='ocrx_word' id='word_1_256' title='bbox 137 3307 266 3357; x_wconf 81' lang='lat' dir='ltr'>ciendum</span> <span class='ocrx_word' id='word_1_257' title='bbox 284 3310 301 3357; x_wconf 79' lang='lat' dir='ltr'>c</span> <span class='ocrx_word' id='word_1_258' title='bbox 323 3306 333 3373; x_wconf 91' lang='grc'>11</span> <span class='ocrx_word' id='word_1_259' title='bbox 356 3310 389 3358; x_wconf 76' lang='grc'>24</span> <span class='ocrx_word' id='word_1_260' title='bbox 408 3307 517 3358; x_wconf 89' lang='lat' dir='ltr'>crebros</span> <span class='ocrx_word' id='word_1_261' title='bbox 535 3308 643 3371; x_wconf 81' lang='lat' dir='ltr'>scripsi:</span> <span class='ocrx_word' id='word_1_262' title='bbox 662 3311 756 3356; x_wconf 85' lang='lat' dir='ltr'>ternos</span> <span class='ocrx_word' id='word_1_263' title='bbox 774 3306 802 3352; x_wconf 78' lang='lat'>1</span> <span class='ocrx_word' id='word_1_264' title='bbox 820 3318 914 3354; x_wconf 89' lang='lat' dir='ltr'>seruos</span> <span class='ocrx_word' id='word_1_265' title='bbox 932 3307 974 3354; x_wconf 82' lang='lat' dir='ltr'>uel</span> <span class='ocrx_word' id='word_1_266' title='bbox 991 3318 1107 3355; x_wconf 87' lang='lat' dir='ltr'>cernuos</span> 
     </span>
     <span class='ocr_line' id='line_1_37' title="bbox 138 3372 1106 3440; baseline -0.002 -18"><span class='ocrx_word' id='word_1_267' title='bbox 138 3375 243 3439; x_wconf 78' lang='lat' dir='ltr'>Lipsius</span> <span class='ocrx_word' id='word_1_268' title='bbox 254 3389 356 3440; x_wconf 83' lang='lat' dir='ltr'>pernox</span> <span class='ocrx_word' id='word_1_269' title='bbox 364 3377 493 3425; x_wconf 80' lang='lat' dir='ltr'>Liuineius</span> <span class='ocrx_word' id='word_1_270' title='bbox 506 3380 635 3424; x_wconf 82' lang='lat' dir='ltr'>externos</span> <span class='ocrx_word' id='word_1_271' title='bbox 645 3372 799 3423; x_wconf 78' lang='lat' dir='ltr'>Scdenckius</span> <span class='ocrx_word' id='word_1_272' title='bbox 811 3372 1106 3423; x_wconf 77' lang='lat' dir='ltr'>intectosArntzeaias.</span> 
     </span>
     <span class='ocr_line' id='line_1_38' title="bbox 138 3437 1110 3507; baseline -0.002 -18"><span class='ocrx_word' id='word_1_273' title='bbox 138 3457 172 3489; x_wconf 87' lang='lat' dir='ltr'>an</span> <span class='ocrx_word' id='word_1_274' title='bbox 189 3442 316 3505; x_wconf 84' lang='lat' dir='ltr'>perdios?</span> <span class='ocrx_word' id='word_1_275' title='bbox 346 3441 356 3507; x_wconf 92' lang='grc'>11</span> <span class='ocrx_word' id='word_1_276' title='bbox 385 3445 418 3492; x_wconf 77' lang='lat'>25</span> <span class='ocrx_word' id='word_1_277' title='bbox 442 3459 475 3491; x_wconf 84' lang='lat' dir='ltr'>an</span> <span class='ocrx_word' id='word_1_278' title='bbox 498 3442 531 3490; x_wconf 85' lang='lat' dir='ltr'>ab</span> <span class='ocrx_word' id='word_1_279' title='bbox 556 3439 762 3506; x_wconf 85' lang='lat' dir='ltr'>cuiusquemodi</span> <span class='ocrx_word' id='word_1_280' title='bbox 780 3440 859 3490; x_wconf 78' lang='lat' dir='ltr'>ded?</span> <span class='ocrx_word' id='word_1_281' title='bbox 889 3437 899 3503; x_wconf 91' lang='grc'>11</span> <span class='ocrx_word' id='word_1_282' title='bbox 928 3441 962 3489; x_wconf 74' lang='grc'>28</span> <span class='ocrx_word' id='word_1_283' title='bbox 986 3453 1063 3503; x_wconf 83' lang='lat' dir='ltr'>genu</span> <span class='ocrx_word' id='word_1_284' title='bbox 1082 3442 1110 3487; x_wconf 70' lang='grc' dir='ltr'>Π</span> 
     </span>
     <span class='ocr_line' id='line_1_39' title="bbox 139 3509 461 3572; baseline 0.003 -15"><span class='ocrx_word' id='word_1_285' title='bbox 139 3522 230 3572; x_wconf 84' lang='lat' dir='ltr'>genua</span> <span class='ocrx_word' id='word_1_286' title='bbox 248 3509 385 3560; x_wconf 88' lang='lat' dir='ltr'>tollebant</span> <span class='ocrx_word' id='word_1_287' title='bbox 402 3510 461 3561; x_wconf 88' lang='lat' dir='ltr'>edd.</span> 
     </span>
    </p>
   </div>
   <div class='ocr_carea' id='block_1_5' title="bbox 0 0 1215 4012">
    <p class='ocr_par' dir='ltr' id='par_1_5' title="bbox 0 0 1215 4012">
     <span class='ocr_line' id='line_1_40' title="bbox 0 0 1215 4012; baseline 0 0"><span class='ocrx_word' id='word_1_288' title='bbox 0 0 1215 4012; x_wconf 95' lang='lat' dir='ltr'> </span> 
     </span>
    </p>
   </div>
  </div>
 </body>
</html>
