2406 4012
149 219 190 285 86
472 223 495 273 1.
530 222 560 273 c.
578 223 693 275 rursu
710 222 789 274 aar.

150 371 232 435 latus
261 371 441 455 accepimus
470 370 579 454 simul,
607 371 701 435 simul
728 370 884 455 gerimus,
913 372 1059 458 alterque
1089 375 1128 441 in

150 456 249 520 altero
272 455 419 520 eonsules
440 455 558 518 iterum
580 458 613 518 et
635 456 755 538 pariter
778 477 896 520 sumus.

208 539 312 604 XCII.
326 538 408 603 Illud
420 560 495 603 uero
514 560 610 622 quarn
626 540 753 625 insigne
779 541 863 623 quod
885 539 977 605 nobis
1019 542 1126 608 raese-

149 625 209 688 ctis
221 625 343 688 aerario
356 624 554 687 consulatum
565 627 640 688 ante
652 645 746 707 quam
759 646 972 690 successorem
1007 626 1125 693 edisti!

123 711 245 772 sauata
266 712 314 772 est
335 708 475 792 dignitas
497 708 665 792 dignitate,
689 730 749 773 neo
770 710 975 773 continuatus
990 714 1124 777 tantum

148 792 203 857 sed
218 793 400 876 geminatus
416 796 465 857 est
479 793 594 876 honor,
613 793 774 877 finemque
789 793 1123 881 potestatisalterius,

147 880 310 961 tamquam
342 899 456 962 parum
489 880 573 942 esset
605 879 768 961 excipere,
803 878 905 944 alteru
937 880 1124 962 praeuenit.

146 964 238 1026 tanta
252 962 311 1028 tibi
328 962 528 1047 integritatis
543 966 672 1027 nostrae
687 962 803 1027 fiducia
824 961 887 1028 fuit
908 964 944 1027 ut
968 984 1039 1027 non
1060 964 1120 1031 du·

147 1046 266 1111 bitares
293 1050 326 1110 te
355 1048 445 1111 salua
472 1046 658 1130 diligentiae
686 1050 760 1110 tuae
788 1047 913 1112 ratione
941 1046 1123 1134 iacturum,

109 1150 134 1188 1⁰
147 1131 175 1195 si
201 1153 260 1194 nos
289 1134 363 1214 post
393 1131 565 1195 maximum
599 1131 739 1195 officium
770 1133 914 1215 priuatos
950 1152 1019 1196 esse
1048 1154 1122 1199 non

147 1215 276 1279 sineres.
314 1215 399 1299 quid,
428 1216 512 1298 quod
539 1215 675 1279 eundem
703 1216 737 1279 in
765 1238 885 1280 annum
913 1216 1122 1283 consulatum

146 1304 235 1363 turum
257 1304 285 1364 et
305 1304 453 1364 nostrum
476 1299 665 1364 contulisti?
696 1322 773 1386 ergo
796 1322 863 1365 non
885 1300 948 1363 alia
975 1321 1036 1365 nos
1059 1324 1121 1386 pa·

145 1383 222 1467 gina
242 1405 338 1467 quam
359 1405 439 1467 quae
458 1386 490 1447 te
513 1384 678 1449 consulem
693 1385 838 1468 accipiet,
863 1388 895 1448 et
909 1388 1022 1449 nostra
1037 1406 1121 1470 quo-

145 1489 206 1551 que
221 1468 353 1533 nomina
368 1469 525 1532 addentur
544 1469 637 1533 fastis
660 1470 774 1553 quibus
789 1471 857 1554 ipse
872 1469 1119 1552 praescriberis.

107 1568 132 1611 15
145 1558 182 1616 tu
205 1554 342 1618 comitiis
364 1554 482 1618 nostris
497 1554 688 1637 praesidere,
711 1557 747 1618 tu
767 1554 859 1618 nobis
875 1554 1121 1621 sanctissimum

144 1636 223 1702 illud
248 1660 376 1703 carmen
398 1639 522 1722 praeire
545 1638 693 1723 dignatus
717 1660 760 1721 ee,
782 1642 837 1703 tuo
859 1638 976 1703 iudicio
1001 1659 1120 1705 consu-

144 1721 190 1786 les
213 1724 298 1806 facti,
321 1728 378 1788 tua
401 1745 478 1788 uoce
501 1723 678 1788 renuntiati
700 1745 817 1806 sumus,
848 1726 884 1786 ut
906 1722 990 1787 idern
1014 1724 1118 1789 hono·
1177 1788 1183 1795 .

144 1806 232 1870 ribus
247 1809 367 1871 nostris
383 1808 575 1891 suffragator
590 1807 624 1871 in
640 1808 736 1890 curia,
752 1807 787 1870 in
803 1828 916 1891 campo
932 1807 1119 1873 declarator

145 1891 309 1954 existeres.
345 1892 411 1954 iam
433 1892 517 1975 quod
540 1893 568 1955 ei
591 1913 650 1956 nos
670 1891 874 1975 potissimum
894 1892 998 1957 mensi
1022 1894 1119 1958 attri-

105 1991 132 2031 2o
147 1973 244 2037 buisti
278 1996 372 2057 quem
405 1979 479 2039 tuus
507 1975 623 2039 natalis
656 1980 790 2040 exornat
795 2024 804 2059 ,
841 1997 936 2059 quam
967 1977 1120 2060 pulcrum

145 2057 256 2120 nobis!
292 2059 406 2142 quibus
440 2059 559 2142 edicto,
594 2060 709 2143 quibus
737 2061 920 2143 spectaculo
951 2061 1117 2129 celebrare

146 2143 315 2226 continget
348 2143 431 2207 diem
464 2145 555 2208 illurn
588 2145 707 2229 triplici
739 2146 857 2230 gaudio
889 2145 1025 2225 laetum,
1059 2150 1119 2245 qui

145 2226 323 2311 prinoipem
346 2228 479 2293 abstulit
499 2229 683 2312 pessimum,
707 2230 794 2294 dedit
815 2230 981 2314 optimum,
1005 2232 1118 2297 melio

145 2334 211 2377 rem
243 2313 365 2396 optimo
392 2313 513 2399 genuit.
549 2336 608 2379 nos
636 2315 695 2379 sub
723 2315 823 2379 oculis
852 2315 916 2379 tuis
946 2317 1118 2412 augustior

104 2412 132 2454 2⁵
146 2398 239 2462 solito
263 2419 373 2463 currus
396 2399 546 2483 accipiet,
577 2420 635 2463 nos
663 2401 748 2463 inter
775 2399 915 2463 secunda
942 2420 1052 2464 omma
1084 2404 1119 2466 et

144 2487 220 2547 uota
237 2485 402 2566 certantia,
420 2505 499 2568 quae
523 2484 684 2566 praesenti
705 2484 766 2547 tibi
787 2483 1002 2567 conferentur,
1020 2484 1117 2551 uehe-

144 2589 215 2630 mur
238 2568 358 2632 alacres
382 2572 414 2630 et
435 2568 550 2631 incerti
579 2590 617 2631 ex
646 2572 717 2632 utra
745 2570 836 2651 parte
859 2568 960 2633 maior
982 2569 1117 2635 auribus

143 2652 264 2714 nostris
288 2651 412 2714 accidat
434 2651 562 2715 clamor.

201 2732 318 2798 XCIII.
338 2734 439 2817 Super
462 2733 570 2797 omnia
585 2737 694 2799 tamen
715 2736 964 2819 praedicandum
985 2737 1118 2803 uidetur

107 2817 232 2901 eoquod
254 2818 373 2900 pateris
396 2818 541 2882 consules
565 2840 633 2884 esse
655 2841 734 2904 quos
757 2821 872 2885 fecisti.
902 2821 1021 2905 quippe
1044 2822 1117 2887 nul-

146 2901 212 2965 lum
235 2902 421 2989 periculum,
444 2903 550 2969 nullus
574 2925 612 2967 ex
634 2905 779 2989 principe
802 2908 906 2969 metus
929 2904 1116 2972 consulares

215 3144 228 3191 1
243 3140 402 3193 consulatus
412 3144 470 3191 -2
484 3141 572 3193 altero
591 3159 638 3193 om.
651 3145 671 3193 B
684 3145 706 3192 V
727 3142 730 3209 Ι
752 3144 905 3209 accipimus
924 3147 983 3196 edd.
999 3142 1009 3211 il
1026 3147 1118 3197 icon-

146 3207 222 3260 sules
240 3210 260 3257 B
279 3211 313 3259 V:
340 3209 436 3260 consul
459 3210 507 3260 sed
531 3212 599 3259 ΠΙ
626 3208 636 3275 ΙΙ
665 3214 680 3262 7
700 3211 790 3261 altera
812 3214 873 3263 add.
899 3212 1048 3265 Liuineius:
1065 3230 1115 3268 om.

145 3278 173 3324 x
193 3274 197 3339 1
218 3279 364 3341 praeuenit
383 3278 427 3325 W:
450 3279 575 3342 peruenit
592 3279 612 3326 B
631 3280 688 3327 cv
716 3276 725 3343 ΙΙ
756 3281 787 3329 12
806 3285 880 3329 tuum
898 3285 925 3330 et
943 3283 1048 3332 addidi:
1065 3298 1116 3334 om.

146 3344 174 3391 Η
193 3345 355 3395 consulatus
385 3345 426 3394 tui
453 3346 625 3396 consulatum
653 3352 776 3397 nostrum
804 3346 947 3413 onuphrius
973 3348 1117 3401 Panuinius

128 3411 208 3472 =sust.
227 3412 241 3459 I
260 3415 319 3475 pl
344 3411 355 3477 ΙΙ
385 3416 416 3463 13
436 3427 504 3476 quae
524 3427 553 3477 ςε
577 3430 623 3464 om.
642 3415 670 3461 lt
698 3411 708 3477 ΙΙ
738 3416 770 3464 14
789 3416 969 3479 perscribatis
986 3419 1023 3479 1,
1042 3432 1115 3470 corr.

149 3478 292 3528 Coronaeus
315 3477 325 3543 ΙΙ
352 3481 382 3529 19
400 3480 455 3529 iam
474 3480 589 3532 Keilius:
608 3496 672 3531 nam
689 3481 716 3529 Ι
735 3480 738 3547 l
760 3483 786 3533 ei
804 3497 853 3534 nos
871 3482 1046 3536 Schwarzr'ue:
1065 3498 1117 3537 cos

147 3545 174 3593 Π
193 3546 220 3595 ei
238 3558 263 3593 w
286 3544 295 3609 {l
320 3548 352 3596 ‘35
372 3548 463 3597 omina
483 3561 512 3614 ς;
531 3549 622 3599 omnia
639 3551 667 3598 Η
