2406 4012
198 221 261 285 236
524 220 559 274 x.
590 220 738 271 nitran
754 220 837 273 Pau.

200 371 370 436 collucent.
399 391 417 433 ο
441 372 595 453 quantam
616 369 684 433 uim
705 368 863 452 possides,
886 368 1008 450 uir-trs,
1057 370 1163 435 uaein

199 455 262 519 hoo
295 455 408 518 habitu
440 454 512 537 plus
539 457 669 517 terroris
699 450 861 537 praeferas
895 473 997 536 quam
1031 390 1162 519 decoris!

200 540 301 605 secuti
322 539 409 603 hune
436 539 582 602 ardorem
603 537 771 601 fortissimi
793 536 913 601 milites
941 540 975 601 et
998 536 1033 601 di
1080 559 1115 603 os
1133 558 1163 605 se

200 625 299 688 ductu
327 624 394 687 eius
421 623 617 706 imperioque
641 622 752 685 testati
779 622 825 684 sie
852 620 976 685 uiritim
1006 621 1040 685 la
1080 644 1162 687 raue-

174 712 290 788 srunt,
342 707 411 770 uasi
433 728 558 770 summa
578 728 629 770 res
651 706 852 791 singulorum
872 727 973 769 manu
995 709 1161 771 teneretur.

263 729 365 854 XXX.
409 790 485 856 Non
512 789 766 855 commemorabo
794 789 848 854 hic
875 794 979 854 tectas
1008 790 1161 857 contium

200 876 361 959 stragibus
382 875 483 959 ripas,
506 896 571 939 non
593 876 757 958 oppletum
779 876 904 938 aceruis
927 895 1098 959 corporum
1116 874 1163 941 tl-

201 960 302 1023 berim
324 963 358 1024 et
370 960 455 1024 inter
472 963 642 1045 congestas
665 960 729 1023 alte
744 957 936 1023 cadauerum
954 958 1058 1025 moles
1072 980 1160 1045 aegro

200 1045 274 1107 nisu
296 1066 333 1108 aa
354 1046 409 1108 uix
431 1044 644 1109 eluetantibus
666 1043 849 1128 gurgitibus
877 1047 1051 1109 exeuntem
1072 1042 1159 1129 quod·

164 1147 264 1212 loque
291 1129 382 1192 illum
410 1130 514 1212 ipsum
541 1132 715 1212 tyrannum
747 1148 815 1191 non
847 1149 935 1192 mors
963 1128 1083 1212 uirilis,
1111 1126 1173 1193 sed'

201 1213 281 1310 fuga
307 1213 410 1296 turpis
437 1212 580 1297 prodidit
608 1216 641 1276 et
662 1213 761 1297 digno
781 1212 934 1296 ignauiae
962 1214 997 1277 et
1018 1212 1182 1294 saarim

202 1300 291 1361 erutu
312 1297 427 1361 fluctus
455 1297 621 1381 sanguinei
643 1298 847 1362 neeauerunt.
891 1296 1070 1382 perstringi
1090 1296 1177 1371 baar¹

202 1383 280 1445 satis
310 1384 372 1465 est,
403 1382 487 1464 quod
515 1383 548 1445 et
573 1383 638 1445 ianr
664 1380 767 1465 pridie
791 1379 947 1464 prolixius
976 1381 1060 1446 mihi
1085 1380 1177 1447 diotr'

203 1469 278 1529 sunt
307 1487 410 1548 neque
437 1488 495 1549 pro
525 1466 682 1550 dignitate
710 1466 822 1549 exequi
851 1466 944 1549 copia
973 1470 1039 1549 est,
1067 1470 1102 1529 ut
1122 1484 1156 1529 ne

164 1569 190 1611 ¹⁵
202 1551 581 1699 tbttiui³pitrgitit
594 1551 995 1699 disserebas
1016 1550 1177 1699 tlttt

225 1723 405 1800 repondere
418 1741 524 1783 rerum
535 1719 709 1805 figurandi!
732 1718 916 1783 adhiberem
932 1740 1048 1785 omnes
1060 1719 1156 1783 flosou·
1178 1746 1183 1785 ;

202 1741 251 1866 ios
273 1805 306 1865 et
328 1804 474 1867 abuterer
489 1804 645 1887 exquisito
668 1804 804 1886 quodam
818 1802 926 1887 lepore
949 1825 987 1867 ao
1002 1804 1157 1869 uenustate

203 1885 339 1949 dicendi.
377 1887 440 1950 iam
463 1889 615 1970 strepitus
638 1887 758 1969 Martii,
781 1888 844 1953 iam
866 1888 1018 1952 tubarum
1041 1906 1157 1953 sonores

164 1991 190 2030 ao
203 1968 293 2030 festis
328 1973 360 2032 et
388 1971 559 2034 resultanti
590 1972 700 2035 fauore
732 1975 904 2035 mutantur.
950 1972 1104 2037 dicendus
1129 1970 1158 2033 in

202 2051 313 2114 urbem
341 2053 506 2136 ingressus
535 2058 584 2118 est
605 2056 823 2137 imperatoris,
853 2058 885 2119 et
905 2056 941 2120 in
964 2054 1159 2141 exprimendo
1188 2076 1191 2081 ·

203 2139 332 2200 senatus
358 2138 531 2222 populique
554 2139 692 2203 Romani
719 2141 857 2204 maximo
884 2141 1003 2224 gaudio
1034 2140 1159 2226 ingrate,
1189 2178 1198 2211 ·.·

202 2221 266 2285 nisi
289 2224 322 2285 et
343 2222 415 2304 ipsa
436 2223 573 2305 lasciuit,
597 2225 707 2288 oratio.
738 2224 845 2288 nullus
867 2227 940 2308 post
961 2226 1078 2290 urbem
1099 2244 1160 2289 eon·
1192 2216 1198 2277 i

203 2306 302 2371 ditam
325 2307 392 2371 dies
414 2307 560 2372 Romano
582 2309 688 2372 illuxit
709 2311 843 2392 imperio
869 2309 961 2372 euius
981 2313 1053 2374 tam
1075 2308 1161 2373 effusa
1193 2282 1198 2347 Ι

164 2412 190 2452 as
202 2394 332 2476 tamque
360 2393 498 2478 insignis
527 2393 700 2477 gratulatio
729 2397 785 2456 aut
810 2393 909 2457 fuerit
937 2397 995 2457 aut
1023 2415 1094 2459 esse
1118 2392 1161 2455 de

203 2475 323 2558 buerit,
352 2478 432 2542 nulli
453 2482 519 2542 tam
548 2478 625 2541 laeti
646 2477 801 2561 triumphi
823 2499 900 2560 quos
929 2478 1099 2543 annalium
1117 2496 1162 2541 ue·

203 2564 305 2623 tustas
329 2566 530 2627 consecratos
551 2563 585 2626 in
608 2563 724 2627 litteris
746 2562 853 2625 habet.
1195 2570 1198 2575 '

267 2643 386 2707 XXXI.
442 2646 517 2709 Non
553 2648 732 2729 agebantur
767 2645 894 2730 quidem
931 2650 1007 2710 ante
1045 2664 1163 2711 eurtum

203 2724 304 2787 uincti
326 2725 437 2808 duees,
460 2730 516 2792 sed
537 2729 707 2795 incedebat
727 2731 857 2794 tandem
879 2730 986 2794 soluta
1007 2730 1163 2795 nobilitas

165 2827 190 2867 eo
203 2827 269 2870 non
292 2808 428 2874 coniecti
450 2812 484 2875 in
507 2833 667 2877 carcerem
689 2815 833 2896 barbari,
856 2813 912 2879 sed
933 2814 1044 2879 eduoti
1066 2836 1085 2879 e
1106 2834 1164 2879 aar

204 2912 274 2988 aare
303 2895 488 2961 consularis.
533 2919 598 2961 non
628 2900 748 2983 captiui
776 2899 977 2982 alienigenae
1006 2899 1165 2965 introitum

203 2975 293 3040 1llum
316 2977 584 3065 honestauerunt,
613 2984 668 3047 sed
690 2983 794 3047 Roma
819 2984 882 3047 iam
905 2983 1019 3047 libera.
1064 2982 1114 3049 nil
1131 3000 1165 3045 ex

271 3135 287 3183 5
305 3132 404 3203 tenen]
418 3139 553 3188 niteretur
565 3137 642 3202 θυεμ,
655 3136 665 3203 ΙΙ
682 3138 776 3188 9nixu
788 3140 807 3187 B
818 3139 835 3186 0
845 3138 908 3187 Π
923 3136 928 3203 Ι
944 3136 1117 3189 eluctatibus
1126 3136 1147 3185 d
1157 3136 1165 3198 Ι

205 3202 235 3250 11
255 3201 338 3266 digno
356 3216 393 3252 w:
411 3204 523 3270 dignum
542 3207 570 3253 Η
590 3204 600 3273 Ι
622 3207 653 3255 12
672 3207 844 3255 tiecaueruut
861 3205 884 3253 Δ
904 3202 914 3269 Ι
940 3208 972 3257 13
991 3206 1095 3259 etiarn
1112 3217 1165 3271 epo-⁸

203 3269 286 3317 etiam
304 3271 332 3317 Η
351 3268 390 3332 (et
407 3271 438 3335 B)
459 3272 464 3334 Ι
484 3273 586 3337 pridem
606 3275 738 3323 Acidaliae
759 3270 769 3337 ΙΙ
794 3275 825 3322 14
843 3278 873 3321 ut
891 3286 925 3323 ue
943 3288 1006 3336 epo:
1026 3278 1056 3323 et
1073 3288 1109 3325 ne
1125 3268 1166 3321 dl

204 3338 235 3385 17
250 3338 371 3399 pondere
384 3354 445 3402 epo:
458 3356 503 3390 om.
517 3342 551 3399 Η,
566 3341 701 3405 dignitate
714 3342 775 3390 add.
789 3342 848 3393 edd.
864 3339 868 3402 Ι
883 3336 1034 3407 figurandi]
1059 3336 1167 3407 ΙΙΙΙηηᾶἱ

203 3414 228 3448 w
246 3404 393 3466 perorandi
406 3420 423 3472 ς
435 3404 445 3472 ΙΙ
459 3408 490 3456 18
502 3407 629 3458 aduterer
641 3408 850 3472 Eyssenhardtas
862 3404 872 3472 Ι
886 3410 917 3457 19
930 3422 1048 3459 sonores
1075 3408 1167 3477 soni!¹

205 3465 213 3532 ΙΙ
224 3470 257 3517 20
270 3469 348 3520 sestis
360 3486 398 3520 w:
411 3474 500 3523 festus
509 3476 537 3522 Η
549 3475 660 3526 lestinis
672 3476 786 3526 uocibus
797 3475 873 3539 θυεμ.
888 3471 898 3539 Ι
910 3477 943 3524 29
955 3475 1053 3526 inoede
1075 3474 1167 3533 antdu

204 3536 237 3584 30
249 3534 356 3585 deducti
367 3542 402 3599 Η,
416 3557 485 3591 corr.
495 3543 625 3593 Liuineius
637 3541 647 3608 ΙΙ
660 3546 690 3594 31
706 3541 982 3593 consularesllcVW
996 3542 1002 3607 Ι
1019 3540 1168 3610 eaptiuew
