2406 4012
140 186 201 250 122
427 189 474 238 1v.
501 186 660 238 1111111111
678 184 817 239 onemo

138 339 233 422 signa
255 337 326 421 [hoc
344 339 402 419 est,
427 334 580 422 omnium]
597 333 811 400 Camenarum
826 354 865 398 ex
880 332 1104 401 Ambraciensi

138 421 256 506 oppido
278 421 435 486 translata
463 420 522 484 sub
544 420 644 482 tutela
664 418 835 482 fortissimi
862 418 1008 483 numinis
1034 440 1104 484 con·

138 506 289 589 secreuit,
311 509 347 568 ut
368 526 418 568 res
441 506 504 586 est,
527 503 602 587 quia
622 502 742 566 mutuis
764 502 877 586 opibus
900 504 933 566 et
953 504 1103 586 praemiis

139 590 242 655 iuuari
257 589 426 672 ornarique
442 587 609 651 deberent:
633 586 797 652 Musarum
813 585 903 670 quies
918 586 1104 652 defensione

111 673 286 737 sHerculis
309 676 342 737 et
364 673 465 735 uirtus
486 671 635 735 Herculis
657 692 735 735 uoce
756 670 933 734 Musarum.

201 755 291 821 VIII.
323 756 426 821 Credo
447 756 558 840 igitur,
582 756 642 819 tali
664 754 783 821 Caesar
803 753 975 819 Herculius
1000 755 1103 820 ataui

136 839 286 904 Herculis
314 844 346 905 et
368 839 512 905 Herculii
539 840 641 924 patris
666 840 823 903 instinctu
849 841 941 902 tanto
965 839 1104 903 studium

137 925 317 989 litterarum
338 925 449 989 fauore
472 926 675 1008 prosequitur
696 928 819 987 utnon
840 923 948 986 minus
971 923 1015 987 ad
1034 944 1122 1009 pro·—

137 1009 315 1074 uidentiam
342 1009 482 1074 numinis
510 1008 560 1073 sui
588 1008 748 1072 existimet
769 1007 931 1091 pertinere
953 1006 1040 1071 bene
1061 1008 1103 1072 di-

99 1115 125 1153 ro
139 1095 231 1158 cendi
258 1116 353 1178 quam
378 1097 464 1158 recte
486 1092 624 1158 faciendi
647 1092 832 1176 disciplinas
856 1095 894 1155 et
913 1113 973 1174 pro
996 1091 1104 1156 diuina

137 1178 362 1261 intellegentia
381 1178 499 1241 mentis
514 1181 662 1241 aeternae
682 1177 800 1241 sentiat
813 1175 938 1239 litteras
961 1176 1103 1240 omnium

136 1262 348 1325 fundamenta
374 1282 443 1324 esse
465 1261 636 1343 uirtutum,
664 1263 775 1345 utpote
798 1260 1018 1324 continentiae
1040 1281 1104 1325 mo·

138 1345 257 1408 destiae
284 1345 471 1429 uigilantiae
493 1346 670 1428 patientiae
696 1345 879 1428 magistras.
924 1365 1008 1427 quac
1035 1345 1102 1409 uni-

137 1450 249 1493 uersae
266 1451 338 1493 cum
353 1430 387 1492 in
403 1430 664 1494 consuetudinem
678 1432 790 1493 tenera
805 1430 911 1492 aetate
925 1431 1103 1508 uerterunt,

100 1531 125 1573 rs
138 1515 183 1579 od
203 1514 310 1577 omnia
331 1514 481 1597 deinceps
507 1514 615 1578 officia
637 1514 723 1577 uitae
746 1516 778 1577 et
800 1513 840 1577 ad
861 1513 933 1596 ipsa
956 1534 1040 1596 quae
1061 1513 1104 1577 di-

138 1598 321 1663 uersissima
345 1599 495 1663 uidentur
516 1598 649 1662 militiae
672 1601 766 1681 atque
793 1599 972 1661 castrorum
993 1598 1104 1662 munia

139 1684 377 1748 conualescunt.
427 1682 559 1766 ideoque
586 1682 637 1746 his
665 1682 770 1745 omnis
803 1681 980 1746 industriae
1010 1684 1104 1766 atque

137 1769 242 1831 omnis
264 1767 366 1832 laudis
394 1767 571 1831 nutricibus
597 1769 665 1849 aut,
695 1769 732 1829 nt
752 1766 858 1829 uerius
880 1765 996 1849 loquar
1002 1815 1012 1848 ‚
1042 1788 1104 1830 ma·

137 1854 241 1915 tribus
265 1873 336 1915 cum
358 1854 600 1934 praeceptorem
615 1850 732 1916 Caesar
749 1849 919 1914 Herculius
943 1850 1104 1915 declarare

97 1932 288 2017 ndignatus
310 1935 365 1997 sit:
393 1955 523 1998 necesse
546 1938 595 1997 est
616 1935 714 1998 etiam
736 1932 842 1999 sedem
864 1935 1032 2016 propriam
1055 1957 1104 2000 cu·

136 2019 206 2100 piat
228 2017 392 2080 reformari
415 2021 461 2101 ut,
487 2018 619 2081 eumad
643 2019 806 2102 antiquam
827 2018 1018 2082 firmitatem
1041 2019 1103 2083 cul·

136 2105 268 2184 tumque
301 2104 449 2184 reparata
482 2101 538 2183 sit,
575 2103 677 2166 multo
709 2103 763 2167 hic
789 2102 903 2165 iustius
936 2105 969 2166 et
997 2104 1102 2167 uerius

137 2189 340 2271 nuncupetur
361 2185 454 2249 aedes
475 2185 623 2251 Herculis
646 2191 740 2270 atque
763 2186 937 2250 Musarum.

199 2269 258 2336 IX.
302 2270 346 2335 nt
373 2292 463 2350 sane,
492 2271 543 2335 uir
569 2271 816 2354 perfectissime,
847 2271 983 2335 interest
1009 2272 1103 2336 etiam

98 2375 125 2415 as
138 2356 258 2441 gloriae
281 2378 377 2440 quam
398 2356 483 2420 tanti
502 2356 663 2440 principes
691 2358 740 2420 tot
761 2355 903 2420 uictoriis
932 2376 972 2420 ac
992 2356 1103 2419 trium·

138 2441 211 2524 phis
249 2445 412 2506 merentur
447 2443 484 2505 ut
515 2441 649 2526 ingenia
685 2461 765 2523 quae
801 2439 953 2504 canendis
994 2461 1103 2505 eorum

138 2526 310 2590 uirtutibus
343 2526 530 2590 excoluntur
564 2547 629 2590 non
662 2526 748 2589 intra
780 2525 922 2607 priuatos
954 2525 1102 2608 parietes,

139 2610 194 2671 sed
221 2610 255 2671 in
281 2610 410 2691 publica
436 2610 650 2673 ostentatione
679 2613 712 2673 et
737 2609 771 2672 in
797 2609 868 2692 ipso
895 2608 983 2673 urbis
1010 2609 1101 2672 istius

138 2712 192 2753 ore
219 2694 420 2773 uegetentur.
465 2693 541 2773 quid
569 2695 674 2755 autem
703 2693 805 2777 magis
833 2693 868 2756 in
892 2693 975 2756 facie
998 2694 1101 2757 uultu·

96 2793 123 2833 eo
136 2795 197 2857 que
228 2773 320 2836 istius
355 2774 496 2837 ciuitatis
533 2775 630 2838 situm
663 2780 712 2841 est
748 2798 841 2860 quam
874 2776 955 2841 haec
992 2777 1101 2840 eadem

135 2857 307 2921 Maeniana
342 2857 378 2921 in
411 2859 480 2943 ipso
514 2860 654 2923 transitu
687 2861 926 2925 aduenientium
959 2860 1024 2926 hue
1055 2862 1102 2925 in·

204 3099 217 3145 1
237 3098 289 3146 hoc
312 3094 352 3162 (id
369 3097 400 3161 B)
422 3102 464 3149 est
482 3099 601 3148 omnium
619 3102 722 3149 seclusit
740 3100 948 3164 Eyssenhardius
977 3097 988 3165 Ι]
1017 3098 1101 3149 21111

135 3165 226 3214 totale
243 3162 317 3229 Δ114
334 3164 467 3216 deberent
487 3171 515 3216 et
532 3181 600 3219 mus.
620 3179 645 3214 11
663 3163 672 3231 ΙΙ
689 3168 704 3216 5
723 3171 751 3216 et
768 3182 815 3217 om.
833 3163 975 3230 Bert.let
992 3166 1101 3217 uoceA

137 3228 149 3297 Η
179 3232 431 3286 merainimus
455 3233 561 3284 herculi
577 3235 605 3282 11
622 3233 744 3283 herculis
761 3247 786 3282 w
806 3231 816 3299 ΙΙ
837 3236 853 3284 9
871 3235 914 3284 sui
931 3249 980 3284 om.
999 3236 1017 3283 0
1072 3235 1101 3283 13

134 3300 319 3361 uniuersali,
338 3303 446 3351 eorreoei
464 3299 474 3365 ΙΙ
498 3303 531 3352 14
548 3305 694 3351 uerterunt
710 3303 817 3364 scripsi:
835 3306 973 3352 uenerunt
990 3303 1018 3350 11
1072 3301 1101 3351 15

136 3365 172 3412 ad
190 3379 227 3414 w:
246 3383 291 3417 om.
311 3365 414 3432 11122
433 3364 489 3432 hie]
509 3367 561 3418 hoc
580 3365 673 3434 ς1123
692 3368 821 3418 Herculis
838 3369 981 3420 Musarum
1000 3370 1102 3420 Merula

135 3431 216 3481 Ennii
230 3434 323 3497 srapm.
343 3452 369 3498 p.
387 3439 438 3485 555
461 3432 471 3499 ΙΙ
500 3438 533 3486 25
554 3436 693 3501 principes
713 3436 802 3500 orep:
824 3437 1006 3502 principiali
1029 3436 1102 3504 prin·

137 3498 207 3562 cipis
226 3503 267 3550 tot
284 3503 399 3552 uictoris
419 3517 453 3553 ac
472 3503 603 3569 triumphi
621 3516 646 3551 11
666 3501 676 3568 ΙΙ
698 3503 730 3552 26
748 3504 877 3554 cassandis
896 3506 913 3553 (1
