2406 4012
188 216 250 279 144
511 219 544 269 v.
573 216 725 267 rucaarr
744 216 824 269 aaa.

186 387 298 431 cruore
318 366 447 430 foedata
470 368 502 430 et
523 365 558 428 in
580 365 723 429 diuersos
747 364 826 429 situs
843 367 959 449 tracta,
983 365 1080 431 sicuti
1102 367 1153 431 do·

186 452 286 516 lorem
319 452 487 515 uulnerum
518 450 650 514 fuerant
683 457 807 532 secuta,
843 450 1026 534 iacuerunt,
1063 454 1153 535 atquc

186 537 272 600 inter
292 535 352 598 hos
373 535 443 618 ipse
464 533 648 598 uexillarius
671 533 847 613 latrocinii,
872 535 963 599 cultu
982 534 1041 599 illo
1063 556 1155 619 quem

186 620 280 684 uiuus
308 618 486 683 uiolauerat
514 622 627 701 sponte
650 618 796 702 deposito
824 621 856 682 et
876 618 932 682 uix
954 619 1051 683 unius
1071 620 1155 685 uela·

163 705 286 767 eminis
301 706 446 787 repertus
461 702 591 771 indicio.
615 702 694 767 adeo
710 724 822 766 uerum
838 702 900 766 sibi
915 703 1042 767 dixerat
1055 707 1154 769 morte

188 787 305 867 uicina,
331 790 364 851 et
385 786 590 851 interfectum
613 809 647 852 se
668 787 753 850 nolle
776 787 917 871 agnosci.

251 870 357 937 XVII.
396 871 587 954 Enimuero,
612 870 729 937 Caesar
750 871 887 954 inuicte,
909 873 1001 935 tanto
1026 871 1155 937 deorum

188 956 415 1021 immortalium
436 955 494 1020 tibi
519 959 568 1019 est
590 955 716 1020 addicta
741 976 899 1020 consensu
921 956 1069 1020 omnium
1091 957 1155 1040 qui-

188 1040 260 1105 dem
276 1062 353 1125 qnos
369 1040 497 1104 adortus
512 1039 612 1103 fueris
627 1040 777 1118 hostium,
800 1038 855 1104 sed
870 1040 1044 1123 praecipue
1058 1041 1155 1105 inter·

150 1147 176 1185 10
189 1125 280 1189 neeio
309 1124 504 1188 Francorum
538 1127 574 1186 ut
600 1124 649 1187 illi
676 1145 801 1207 quoque
830 1123 948 1187 milites
977 1125 1080 1189 uestri
1104 1125 1157 1209 qui

188 1230 246 1291 per
268 1228 406 1272 errorem
428 1207 583 1290 nebulosi,
606 1211 642 1272 ut
663 1207 759 1291 paulo
783 1211 859 1272 ante
880 1208 957 1291 dixi,
981 1208 1081 1273 maris
1104 1210 1156 1273 ab·

188 1292 290 1354 iuncti
320 1292 360 1354 ad
388 1291 539 1374 oppidum
566 1291 780 1356 Londiniense
807 1296 1039 1376 peruenerant,
1072 1296 1155 1378 quic·

188 1374 264 1458 quid
297 1396 336 1438 ex
368 1375 588 1440 mercennaria
620 1376 675 1441 illa
710 1376 915 1440 multitudine
949 1377 1158 1442 barbarorum

187 1459 310 1543 proelio
332 1459 547 1544 superfuerat,
576 1482 647 1525 cum
670 1462 795 1545 direpta
817 1461 948 1525 ciuitate
969 1460 1084 1546 fugam
1108 1484 1156 1527 ca·

151 1564 176 1605 15
188 1565 315 1627 pessare
342 1545 537 1629 cogitarent,
567 1546 685 1629 passim
707 1548 776 1609 tota
801 1545 880 1609 urbe
902 1544 1105 1611 confecerint
1126 1550 1157 1612 et

187 1650 255 1693 non
284 1630 388 1693 solum
410 1629 659 1712 prouincialibus
686 1629 800 1693 uestris
827 1629 862 1693 in
891 1629 987 1693 caede
1014 1630 1156 1695 hostiurn

189 1714 333 1778 dederint
349 1715 495 1797 salutem,
517 1714 571 1778 sed
587 1714 683 1778 etiam
698 1714 733 1777 in
750 1714 931 1797 spectaculo
945 1714 1155 1799 uoluptatem.

188 1818 207 1859 o
221 1799 358 1862 uictoria
373 1797 544 1882 multiiuga
563 1802 596 1862 et
610 1797 891 1862 innumerabilium
906 1798 1155 1884 triumphorum,

188 1901 250 1961 qna
273 1880 459 1945 Britanniae
488 1883 671 1965 restitutae,
701 1904 764 1964 qua
785 1881 982 1946 Francorum
1010 1904 1083 1966 opes
1104 1906 1156 1970 pe

149 1963 275 2026 sonitus
298 1965 432 2045 excisae,
456 1987 517 2048 qua
538 1966 647 2029 multis
669 1969 834 2049 praeterea
851 1966 1002 2064 gentibus
1025 1969 1061 2031 in
1083 1988 1156 2033 con·

187 2047 346 2112 iuratione
369 2048 456 2111 illius
479 2048 607 2113 sceleris
629 2050 835 2133 deprehensis
856 2052 1008 2135 imposita
1032 2055 1081 2117 est
1102 2074 1157 2117 ne·

188 2131 319 2195 cessitas
356 2132 566 2216 obsequendi,
611 2134 747 2217 denique
784 2156 848 2217 qua
890 2136 930 2199 ad
965 2139 1156 2220 perpetuam

188 2216 327 2299 quietem
368 2217 470 2281 maria
504 2221 642 2303 purgata
678 2221 768 2283 sunt!
819 2219 959 2303 gloriare
994 2223 1032 2284 tu
1068 2242 1155 2304 uero,

188 2301 305 2366 Caesar
327 2301 462 2387 inuicte,
484 2303 581 2367 alium
601 2307 634 2367 te
657 2304 766 2367 orbem
787 2306 943 2368 terrarum
965 2306 1155 2389 repperisse,

148 2405 174 2445 ⁹⁵
187 2387 1155 2539 111111111111111111111111

188 2555 371 2636 confecisti,
404 2495 551 2638 iisquam,
587 2556 720 2638 bellum,
755 2556 873 2621 Caesar
902 2557 1039 2642 inuicte,
1071 2559 1155 2643 quod

188 2638 311 2700 cunctis
338 2639 524 2720 impendere
545 2640 719 2722 prouinciis
746 2640 916 2705 uidebatur
936 2644 1068 2726 tamque
1091 2643 1154 2707 late

256 2924 269 2971 1
289 2924 391 2987 sydata
409 2928 432 2975 A
451 2924 455 2991 Ι
475 2928 569 2976 tracta
586 2925 676 2976 Bere:
695 2929 783 2979 strata
800 2931 823 2978 A
840 2931 874 2978 W
892 2933 999 2980 structa
1015 2931 1036 2979 B
1055 2932 1073 2980 11
1091 2934 1114 2982 V
1142 2930 1154 2995 ΙΙ

185 2993 202 3040 4
220 2991 367 3042 uelaminis
385 3011 432 3045 om.
450 2992 534 3056 Bert,
552 2997 618 3045 unde
635 2997 812 3060 rescripserim
829 2997 877 3046 uix
893 2996 989 3048 uultus
1007 3014 1065 3064 rep.
1084 2999 1155 3049 indi·

187 3061 244 3122 cio;
263 3061 395 3111 Liuineius
412 3061 457 3111 uel
476 3061 592 3112 alterius
610 3065 676 3113 coni.
690 3061 728 3128 116
748 3061 786 3127 etl
805 3066 837 3115 ut
853 3066 876 3113 A
893 3078 918 3112 w
932 3062 937 3128 Ι
952 3064 1028 3116 nolle
1045 3068 1155 3131 scripsi:

185 3127 273 3178 nollet
291 3129 318 3176 Η
335 3125 345 3192 ΙΙ
366 3129 382 3179 8
401 3129 495 3178 addita
514 3133 531 3178 0
547 3126 551 3194 Ι
567 3145 704 3182 consensu
721 3133 744 3180 A
755 3133 800 3180 W:
821 3132 968 3183 consensui
986 3134 1006 3182 11
1019 3136 1038 3182 0
1050 3135 1073 3183 V
1091 3150 1155 3185 con·

186 3211 269 3246 sensu
287 3196 408 3246 uictoria
431 3198 489 3250 edd.
520 3194 530 3261 tl
559 3200 575 3248 9
596 3199 764 3249 internectio
782 3200 828 3247 W:
851 3200 1017 3250 intersectis
1034 3202 1058 3249 A
1069 3202 1091 3250 B
1104 3202 1155 3252 Η

185 3264 261 3314 Bert.
280 3260 290 3326 ΙΙ
309 3264 340 3312 12
358 3263 545 3314 Londiniense
563 3267 586 3314 A
602 3266 622 3314 11
642 3266 674 3314 V:
696 3265 864 3318 londonense
883 3267 956 3320 Bert.
974 3267 1156 3319 londoniense

186 3332 219 3379 W
236 3331 435 3381 landunensem
454 3334 471 3379 0
495 3328 505 3395 ΙΙ
530 3333 561 3383 15
585 3333 757 3383 confecerint
774 3347 811 3382 w:
839 3335 1019 3385 confecerunt
1037 3338 1065 3384 1
1087 3334 1099 3401 ΙΙ
1125 3338 1156 3388 16

187 3397 275 3446 solum
292 3399 346 3446 AB
360 3399 381 3446 v
393 3397 482 3448 Bere:
501 3399 589 3450 solam
606 3402 623 3448 0
640 3402 674 3449 W
691 3397 701 3465 ΙΙ
723 3402 755 3451 11
774 3400 900 3452 dederint
918 3415 955 3451 w:
975 3403 1112 3454 dederunt
1129 3406 1157 3452 1

197 3458 200 3523 Ι
222 3466 253 3513 19
272 3479 337 3528 opes
355 3467 459 3516 addidi:
477 3481 524 3517 om.
541 3468 569 3514 1
585 3468 659 3517 uires
677 3470 738 3522 add.
758 3464 850 3532 w1122
867 3485 924 3534 qua
940 3472 1048 3522 addidi:
1065 3487 1114 3525 om.
1129 3473 1157 3519 1

197 3528 200 3589 ξ
220 3530 253 3580 23
271 3545 334 3581 nero
353 3536 383 3581 tu
400 3533 423 3580 A
440 3532 516 3598 Cosp.
535 3530 546 3598 11
566 3537 600 3585 24
618 3535 752 3601 reperisse
771 3541 906 3586 terrarum
924 3550 949 3586 w
