2406 4012
376 178 537 233 natrano
556 182 591 231 n.
616 182 726 232 co-co.
990 182 1033 247 55

52 331 265 397 simillimam
291 348 354 395 esse
375 332 518 414 priuato,
554 331 709 395 consulem
736 350 833 413 qaam
861 331 1032 396 dissimilli-

57 436 154 481 mum
176 414 297 479 deceat.

129 497 198 562 LX.
220 499 327 582 Atque
343 519 403 582 ego
418 498 511 562 uideo
526 498 671 581 proximo
688 520 773 563 anno
789 498 971 562 consulatus
986 521 1033 562 re-

62 583 200 649 cusandi
219 583 305 646 hanc
323 583 529 667 praecipuam
551 582 650 646 fuisse
673 582 832 647 rationem
854 583 938 668 quod
961 605 1033 648 eum

60 669 182 732 absens
209 688 319 752 gerere
342 688 410 731 non
436 670 573 750 poteras.
615 667 669 731 sed
698 667 762 731 iam
788 668 860 731 urbi
887 668 1060 752 uotisquec

85 752 203 817 ublicis
232 751 374 815 redditus
402 751 549 835 quidest
574 752 818 837 inquomagis
849 752 892 816 sis
920 774 1033 836 appro-

107 840 199 901 turus
221 856 304 920 quae
318 840 501 920 quantaque
515 836 638 899 fuerint
653 856 734 918 quae
749 836 1032 901 desiderabamus?

63 943 181 1018 parum
203 923 310 985 estut
330 921 365 983 in
388 920 507 985 curiam
529 921 649 999 ueniaS,
671 920 734 983 nisi
758 923 790 983 et
805 941 977 1003 conuocas3
998 926 1034 984 ut

64 1005 197 1077 intersis
220 1005 355 1085 senatui,
377 1005 442 1069 nisi
464 1008 497 1069 et
517 1004 696 1087 praesidcs3
724 1007 760 1067 ut
788 1007 954 1069 censentes
978 1027 1032 1068 au·

63 1089 147 1172 dias,
168 1090 231 1153 nisi
255 1092 288 1152 et
308 1110 471 1186 perrogas.
509 1089 558 1152 uis
580 1088 659 1151 illud
682 1089 944 1173 augustissimum
959 1110 1034 1153 con·
1048 1108 1072 1148 ιο

64 1173 173 1239 sulum
199 1172 343 1237 tribunal
371 1172 543 1257 ahquando
576 1173 735 1237 maiestati
769 1194 845 1237 suae
879 1173 1033 1238 reddere?

64 1258 213 1323 ascende.
264 1258 314 1321 uis
350 1260 497 1321 constare
532 1259 746 1321 reuerentiam
782 1258 1034 1343 magistratibus,

63 1342 97 1407 le
124 1342 193 1406 'bus
225 1340 460 1424 auctoritatem,
492 1341 680 1406 modestiam
707 1343 943 1425 postulatibus?
982 1343 1035 1407 ad-

66 1426 96 1491 si
120 1448 146 1490 e.
185 1426 269 1510 quod
292 1426 377 1489 enim
400 1427 569 1491 interesset
589 1427 636 1490 rei
658 1427 815 1510 publicae,
840 1428 867 1491 si
888 1429 1034 1511 priuatus

65 1531 165 1594 esses,
189 1511 352 1575 consulem
374 1514 406 1575 te
427 1509 562 1575 haberet
582 1514 711 1575 tantum
733 1534 775 1575 an
791 1516 823 1575 et
844 1515 1034 1596 senatorem,
1049 1533 1073 1573 15

64 1595 130 1660 hoc
155 1617 241 1660 nunc
269 1595 349 1660 scito
376 1594 531 1659 interesse
558 1596 738 1679 principem
764 1599 797 1659 te
824 1593 944 1658 habeat
964 1599 1035 1659 tan·

64 1684 137 1745 tum
163 1701 206 1744 an
233 1682 266 1743 et
293 1679 467 1745 consulem.
510 1679 562 1743 his
590 1682 640 1743 tot
665 1679 829 1762 tantisque
856 1679 1035 1742 rationibus

66 1786 260 1849 quamquam
297 1765 434 1830 multum
465 1764 622 1829 reluctata
653 1762 846 1828 uerecundia
879 1763 1035 1847 principis

64 1850 172 1915 nostri
212 1851 342 1914 tandem
385 1853 495 1915 tamen
532 1850 638 1915 cessit.
699 1852 732 1912 at
768 1848 1036 1932 quemadmodum

63 1934 188 2000 cessit?
209 1957 274 1999 non
292 1957 326 1999 se
349 1938 385 1999 ut
406 1935 549 2018 priuatis,
574 1935 629 1999 sed
643 1937 680 1997 ut
701 1933 843 2018 priuatos
859 1934 920 1998 sibi
942 1955 1035 2017 pares
1049 1954 1074 1993 ao

64 2019 198 2084 faceret.
242 2019 363 2104 recepit
385 2021 470 2084 enim
491 2020 620 2084 tertium
650 2019 852 2084 consulatum
878 2022 914 2082 ut
936 2020 1035 2083 daret.

64 2107 204 2168 nouerat
230 2104 480 2168 moderationem
508 2105 682 2184 hominum,
712 2106 846 2169 nouerat
872 2103 1035 2188 pudorem,

63 2188 123 2271 qui
151 2209 217 2252 non
247 2190 444 2253 sustinerent
470 2190 567 2253 tertio
597 2188 743 2254 consules
772 2210 840 2253 esse
873 2189 936 2252 nisi
965 2209 1036 2252 cum

65 2276 119 2337 ter
141 2273 277 2336 consule.
320 2273 476 2337 bellorum
497 2274 581 2338 istud
604 2273 698 2337 sociis
720 2272 797 2336 olim
818 2277 855 2336 at
880 2271 1036 2356 periculo·

64 2379 139 2421 rum
163 2357 377 2441 consortibus,
401 2379 497 2442 parce
519 2361 630 2422 tamen
636 2405 645 2438 ‚
673 2356 873 2420 tribuebatur
895 2355 978 2438 quod
1001 2357 1036 2418 tu
1049 2372 1074 2414 as

67 2441 285 2527 singularibus
307 2443 385 2507 uiris
409 2464 446 2507 ac
468 2442 507 2505 de
529 2445 561 2506 te
584 2442 710 2524 quidem
733 2440 815 2503 bene
837 2461 875 2503 ac
896 2439 1035 2521 fortiter,

63 2526 123 2590 sed
138 2526 173 2588 in
187 2529 265 2673 tofa
280 2526 403 2591 meritis
415 2526 614 2610 praestitisti.
637 2525 801 2608 utriusque
817 2545 902 2606 cura,
920 2524 1037 2586 utrius-

62 2631 129 2694 que
151 2610 219 2695 uigi
234 2612 322 2674 antia
338 2611 510 2675 obstrietus
533 2631 576 2693 es,
592 2609 721 2675 Caesar.
758 2606 869 2672 sedin
892 2607 1036 2693 principe

63 2716 179 2759 rarum
201 2716 238 2759 ac
260 2717 360 2780 prope
382 2695 547 2759 insolitum
570 2697 618 2759 est
639 2697 676 2758 ut
697 2715 730 2758 se
752 2696 845 2777 putet
859 2693 1036 2778 obligatum

138 2902 151 2949 1
180 2900 347 2950 simillimum
374 2915 436 2951 esse
464 2902 573 2965 priuato
602 2899 743 2950 consulem
762 2913 842 2963 qnam
865 2900 925 2950 add.
947 2898 1038 2962 Casp:

62 2984 115 3019 om.
133 2969 162 3015 Ι
186 2965 197 3032 ΙΙ
222 2970 238 3019 8
257 2983 403 3030 conamen,
421 2971 437 3019 9
456 2968 634 3033 praesideas,
654 2969 686 3017 10
703 2982 836 3031 perroges
854 2980 879 3013 w
907 2964 917 3030 ΙΙ
947 2968 977 3015 11
991 2966 1039 3014 tri·

67 3035 156 3085 bunal
175 3034 324 3101 aliqnando
343 3036 458 3086 Kallias:
476 3035 626 3100 aliquando
645 3032 769 3084 tribunal
791 3036 819 3080 u
848 3032 858 3098 ΙΙ
889 3035 921 3082 13
945 3038 1040 3095 postu·

67 3101 174 3154 latibus
191 3106 300 3168 scripsi:
318 3103 525 3168 postulantibus
542 3103 589 3166 1}
606 3101 701 3152 adside
714 3103 821 3164 scripsi:
842 3100 917 3149 adire
929 3100 957 3146 n
975 3099 1041 3148 audi

63 3170 175 3234 Lipsius
193 3170 238 3221 adi
256 3174 316 3222 edd.
328 3168 338 3236 ΙΙ
357 3172 389 3221 14
408 3171 475 3236 quid
494 3171 514 3219 B
529 3168 533 3234 Ι
548 3171 699 3220 interesset
716 3171 792 3219 edd:
810 3169 928 3217 interest
944 3167 972 3211 li
983 3164 995 3231 ΙΙ
1008 3167 1040 3216 15

65 3237 210 3288 consulem
226 3239 290 3290 hab.
304 3243 332 3288 te
353 3254 388 3289 an
400 3243 509 3288 tantum
523 3243 680 3289 senatorem
691 3238 824 3287 Liuineius
842 3240 998 3285 senatorem
1011 3238 1039 3282 te

67 3304 134 3355 hab.
152 3308 260 3356 tantum
279 3322 315 3356 an
334 3311 361 3356 et
381 3307 522 3357 consulam
541 3305 701 3355 Sctwanaa
730 3302 740 3368 ΙΙ
770 3306 803 3354 20
821 3316 901 3368 pares
921 3301 976 3350 sibi
994 3298 1038 3366 (111

66 3373 102 3421 24
125 3373 209 3423 sociis
232 3374 304 3424 edd:
332 3375 401 3424 ociis
423 3375 450 3422 Μ
483 3373 487 3438 Ι
519 3378 550 3423 ut
572 3374 676 3423 addidi:
703 3387 749 3422 om.
767 3372 794 3419 l(
823 3369 832 3434 ss
862 3370 895 3419 26
918 3366 1037 3434 quidem]

64 3439 198 3504 qnodque
216 3442 236 3490 B
255 3442 276 3488 V
299 3438 310 3507 ΙΙ
339 3443 372 3491 27
390 3441 555 3507 praestitisti
574 3440 602 3489 in
620 3443 687 3505 toga
704 3438 809 3490 meritis
821 3439 857 3499 Μ,
875 3443 975 3502 transp.
995 3437 1040 3486 Li·

64 3509 166 3558 mincius
