2406 4012
189 214 252 279 298
488 186 492 193 ’
513 217 574 266 xn.
604 214 737 265 Paoarr
755 214 836 264 aar.

254 364 357 430 XXX.
408 364 550 429 Tandem
582 364 617 427 in
651 385 711 426 nos
739 363 847 426 oeulos
876 363 954 426 deus
988 362 1101 426 retulit
1128 364 1159 427 et

190 450 284 514 bonis
312 450 443 513 orientis
472 450 615 512 intentus
642 447 683 511 ad
706 447 791 510 mala
819 450 931 511 nostra
958 447 1102 530 respexit
1129 450 1160 511 et

190 534 277 598 hunc
300 535 470 597 sacerrimo
494 533 591 613 capiti
613 532 730 596 obiecit
751 532 892 595 furorem
913 533 950 595 ut
971 531 1086 595 foedus
1109 531 1160 594 ab

191 639 352 701 rumpere,
380 618 429 680 ius
451 617 561 680 fetiale
582 616 718 698 uiolare,
735 616 863 683 'bellum
886 615 1010 679 edicere
1032 637 1101 679 non
1123 616 1161 680 ti·

165 706 302 766 smeret.
348 724 389 765 an
420 722 479 785 ego
508 701 578 765 sine
604 701 713 766 diuino
742 702 873 764 numine
898 700 1024 764 factum
1051 702 1161 782 putem

191 790 241 869 ut,
272 786 327 869 qui
355 786 414 849 sub
441 786 572 850 nomine
601 787 687 868 pacis
714 785 823 848 ludere
851 788 884 848 et
905 784 1003 867 primi
1031 784 1161 848 sceleris

190 892 310 954 poenas
338 870 454 934 lucrari
481 870 673 954 quiescendo
697 870 870 952 potuisset,
900 867 1077 933 seeundum
1099 871 1160 932 ter·

191 956 333 1039 tiumque
362 955 515 1020 uexillum
542 953 701 1018 latrocinii
729 953 832 1018 ciuilis
860 952 1024 1017 attolleret
1052 956 1086 1016 et
1111 974 1161 1016 su·

191 1043 310 1123 peratis
329 1040 466 1123 Alpibus
489 1039 603 1104 Cottiis
624 1037 707 1103 Iulia
727 1058 853 1122 quoque
877 1038 1016 1101 claustra
1039 1036 1162 1101 laxaret

153 1147 177 1186 10
192 1125 324 1208 tibique,
347 1125 529 1207 imperator,
556 1124 735 1206 imponeret
756 1123 897 1186 seruanti
919 1121 1025 1186 adhuc
1048 1120 1161 1186 ueniae

192 1208 287 1272 fidem
315 1208 466 1272 uincendi
493 1206 743 1271 necessitatem?
787 1208 904 1290 agebat
932 1227 1022 1290 eum,
1056 1206 1160 1288 eredo,

192 1292 398 1374 praecipitem
425 1290 617 1355 uindicanda
643 1291 709 1354 iam
730 1291 875 1374 proximo
898 1291 1003 1354 ultore
1031 1312 1084 1354 res
1106 1312 1161 1374 pu·

191 1375 275 1439 blica
300 1378 332 1438 et
354 1375 513 1439 extinctus
542 1377 652 1457 aperto
675 1374 823 1439 dominus
844 1374 1017 1458 parricidio
1039 1394 1161 1457 poenas

192 1460 231 1523 ab
254 1481 291 1523 eo
314 1460 438 1524 debitas
462 1459 641 1542 expetebat.
678 1480 746 1523 non
768 1459 846 1523 illud
869 1459 1082 1540 confidentia,
1106 1458 1161 1521 sed

154 1563 179 1606 15
193 1546 347 1629 amentia3
384 1565 452 1608 non
478 1545 656 1621 temeritas,
691 1545 746 1607 sed
774 1544 946 1608 necessitas
974 1546 1055 1606 erat.
1102 1563 1160 1606 nec

192 1631 275 1693 ultro
290 1629 467 1694 lacessebat
488 1629 543 1693 ille
557 1634 590 1693 te
605 1628 699 1710 bellu,
724 1629 779 1692 sed
794 1628 929 1692 ulterius
950 1649 1018 1691 non
1034 1628 1160 1710 poterat

192 1736 225 1778 se
247 1736 366 1798 negare
389 1713 555 1797 supplicio
594 1713 735 1796 alioquin
757 1713 913 1795 quomodo
935 1714 1064 1776 tantam
1089 1731 1159 1775 con·

192 1799 329 1880 cepisset
362 1798 528 1862 audaciam
560 1801 595 1861 ut
626 1818 718 1862 ruere
751 1796 785 1861 in
814 1797 934 1861 ferrum
969 1798 1003 1859 et
1032 1795 1161 1860 obuiam

192 1884 286 1944 morti
308 1883 419 1945 uenire
440 1885 505 1945 tam
527 1883 664 1966 ignauus
687 1885 719 1945 et
740 1881 857 1945 timens
879 1881 992 1944 mortis
1016 1880 1158 1949 auderet.

153 1984 179 2024 ao
192 1967 228 2027 ut
250 1965 304 2046 qui
333 1986 366 2028 se
393 1987 460 2029 non
482 1967 624 2048 potuerit
645 1969 756 2049 postea
784 1965 836 2029 uel
858 1965 963 2029 uictus
991 1963 1158 2028 occidere?

192 2052 225 2111 et
250 2052 283 2112 te
312 2047 454 2131 quidem,
490 2049 663 2132 imperator
689 2051 851 2135 Auguste,
887 2048 926 2113 ad
953 2049 1160 2113 asserendam

190 2154 258 2196 rem
286 2132 445 2216 publicam
474 2134 752 2218 usurpandamque
786 2134 953 2198 uictoriam
981 2133 1161 2198 suffecisset

191 2219 226 2281 in
249 2219 332 2282 bella
354 2217 405 2281 uel
427 2218 530 2281 solum
552 2219 672 2282 uenire.
714 2241 789 2282 nam
812 2219 839 2282 si
861 2218 938 2282 olim
961 2218 1086 2282 domini
1109 2216 1158 2281 ad·

191 2324 320 2366 uersum
347 2302 481 2366 rebelles
515 2324 624 2367 seruos
653 2303 834 2368 dimicaturi
861 2302 966 2386 flagra
994 2303 1031 2367 in
1060 2303 1160 2367 aciem

153 2404 179 2445 25
192 2386 376 2451 detulerunt
396 2390 552 2470 tantaque
574 2388 624 2451 uis
646 2388 861 2452 conscientiae
877 2388 939 2450 fuit
963 2389 999 2450 ut
1021 2386 1064 2451 ab
1081 2388 1162 2451 iner-

191 2471 296 2535 mibus
319 2475 519 2535 uerterentur
541 2472 655 2535 armati
678 2473 779 2555 etqui
801 2472 988 2536 obtulerunt
1003 2471 1161 2535 mortibus

192 2558 321 2637 pectora
348 2555 463 2620 darent
488 2559 580 2641 terga
606 2556 808 2620 uerberibus:
844 2577 954 2620 nonne
976 2559 1013 2619 tu
1035 2576 1162 2639 quoque

192 2639 373 2720 legionibus
395 2640 553 2704 seditiosis
576 2662 643 2704 rem
664 2643 765 2705 totam
787 2641 873 2704 uisus
897 2639 1043 2724 egisses?

255 2720 373 2784 XXXI.
418 2724 472 2786 An
500 2725 656 2789 sustinere
678 2728 710 2789 te
733 2746 840 2790 eoram
868 2727 901 2789 et
922 2723 1027 2788 solum
1056 2724 1163 2788 oculo·

153 2823 179 2864 ao
192 2824 263 2867 rum
290 2808 417 2869 tuorum
443 2807 527 2870 ferre
562 2809 742 2874 coniectum
771 2809 825 2873 ille
880 2808 1021 2872 nondam
1048 2807 1162 2872 domus

191 2891 266 2953 tuae
288 2889 592 2975 neglegentissimus
606 2895 740 2958 uernula
760 2830 1041 2976 mensrilarumque
1063 2891 1162 2957 serui·

262 3199 344 3248 lues
362 3200 379 3245 0
400 3194 410 3261 ΙΙ
431 3200 446 3247 2
467 3205 562 3251 nostra
580 3215 627 3249 cm.
647 3196 670 3246 A
690 3195 700 3263 l
721 3201 736 3248 9
756 3202 850 3248 coctus
868 3199 890 3246 Δ
911 3195 921 3263 ΙΙ
943 3200 976 3249 10
995 3199 1164 3249 sematime

192 3262 200 3327 li
219 3266 249 3314 11
269 3263 358 3330 fidem]
377 3264 456 3314 finem
475 3267 563 3324 Bert.,·
581 3269 663 3317 malim
681 3281 757 3330 spem
778 3262 788 3329 ΙΙ
814 3268 846 3316 14
864 3281 919 3316 non
936 3265 999 3315 ide
1021 3263 1032 3331 l
1058 3268 1091 3316 16
1110 3281 1164 3316 non

193 3335 364 3395 potetatem.
385 3335 401 3382 0
421 3330 431 3397 ΙΙ
456 3335 487 3384 17
507 3334 640 3398 quomodo
658 3335 731 3387 edd:
750 3333 860 3397 quando
878 3333 905 3381 Π
926 3329 936 3396 ΙΙ
962 3335 1022 3383 19ἰ
1064 3332 1164 3384 crusii

192 3398 199 3461 Η
221 3401 253 3447 21
275 3405 301 3448 te
320 3399 429 3463 quidem
446 3402 522 3451 edd:
541 3402 666 3465 equidem
684 3402 711 3448 Η
735 3398 744 3465 ΙΙ
769 3403 802 3451 24
820 3401 969 3450 dimicatim
988 3401 1006 3449 0
1064 3403 1100 3451 26
1119 3401 1165 3450 ob·

192 3464 317 3515 tulerant
334 3468 469 3517 Rhenanus
493 3465 502 3531 ΙΙ
526 3471 559 3520 28
578 3469 717 3520 seditiosis
734 3471 843 3533 scripsi:
862 3468 959 3518 otiosis
976 3468 1005 3515 Ι
1064 3470 1098 3519 31
1119 3484 1165 3518 ne·

192 3529 251 3579 rula
269 3534 286 3579 0
305 3530 466 3596 {seruilium
484 3551 529 3585 om.
548 3536 623 3589 Bert.
