2394 3990
184 206 247 270 286
508 209 570 260 xu.
602 204 734 258 ricrrr
751 205 831 255 ern.

186 379 255 422 non
282 356 431 421 habebat.
476 356 704 420 renuntiantur
735 353 828 419 amici
861 356 936 418 ante
971 353 1058 420 filios
1085 358 1156 421 tuos

189 441 350 590 odilwles’
384 441 458 525 quia
490 461 558 504 non
584 443 736 522 poterant
761 438 832 522 plus
862 459 931 502 esse
959 459 1058 522 quam
1085 460 1157 507 oon·

187 548 203 591 s
238 548 282 590 es.

251 609 355 674 XVII.
397 609 462 672 Eat
481 629 568 672 nunc
591 609 642 672 sui
664 606 857 672 ostentatrix
877 609 1027 671 uetustas
1050 610 1085 672 et
1104 608 1158 673 illo

163 692 364 758 sinnumeris
375 693 555 756 litterarum
571 692 624 756 uul
649 696 704 756 ata
719 690 924 756 monimentis
938 691 1041 756 iactet
1056 713 1158 757 exem·

188 777 250 860 pla.
280 776 419 841 Pirithoi
439 776 534 841 fidem
549 714 714 859 praedicet
735 781 768 839 et
782 776 989 839 decantatum
1012 777 1158 843 omnibus

189 861 292 925 scenis
326 860 466 925 Phocaei
498 861 624 925 iuuenis
657 861 765 947 landet
797 859 953 942 officinm3
993 860 1160 925 Pinthiam

190 946 296 1028 etiam,
320 946 347 1009 si
368 946 503 1028 uidetur,
527 946 613 1009 dicat
635 948 667 1010 et
683 944 840 1027 Damone,
863 964 1000 1027 quorum
1022 946 1104 1009 alter
1124 946 1160 1011 in

190 1030 286 1094 amici
307 1034 442 1094 mortem
471 1051 504 1093 se
526 1030 641 1093 uadem
670 1029 801 1112 obtulit,
831 1029 912 1093 alter
935 1030 976 1092 ad
999 1028 1083 1093 diem
1105 1052 1159 1095 ua·

153 1135 178 1173 io
191 1116 284 1180 datae
311 1115 422 1179 mortis
452 1115 599 1178 occurrit.
643 1117 680 1177 ut
700 1113 779 1178 haec
805 1134 873 1177 esse
895 1134 972 1177 uera
995 1113 1160 1179 credamus

212 1221 271 1262 uae
299 1199 474 1263 mendaciis
499 1202 609 1262 uatum
637 1199 673 1262 in
694 1198 826 1280 plausus
854 1199 966 1279 aptata
994 1218 1162 1263 cauearum

190 1221 286 1345 idem
308 1283 443 1365 tempori
466 1282 592 1365 debent,
619 1304 697 1346 num
720 1285 884 1365 praestare
907 1282 1067 1348 credendo
1088 1283 1161 1366 plus

191 1386 357 1448 possumus
380 1388 476 1449 quam
498 1370 535 1429 ut
556 1368 636 1430 istos
659 1367 712 1449 qui
736 1366 893 1430 amicitiae
910 1365 1008 1430 laude
1031 1388 1161 1432 censen·

190 1455 244 1513 tur
264 1450 438 1514 amicorum
453 1451 551 1515 fuisse
571 1472 666 1534 quam
687 1451 736 1515 sui
752 1450 972 1535 diligentiores
989 1448 1160 1547 putemus?

154 1551 179 1592 15
193 1535 248 1599 sed
281 1556 353 1599 cum
385 1535 575 1599 instituente
606 1539 723 1598 natura
751 1535 822 1618 plus
852 1534 920 1598 fere
948 1535 1035 1600 filios
1068 1540 1160 1620 quam

192 1623 317 1684 nosmet
337 1621 425 1703 ipsos
448 1620 634 1705 diligamus,
665 1641 760 1683 omne
782 1619 884 1682 uincit
905 1620 1088 1703 exemplum
1108 1618 1159 1705 qui

193 1706 311 1768 amicos
343 1705 393 1768 his
422 1705 576 1788 praetulit
603 1725 681 1788 quos
717 1703 778 1767 sibi
804 1702 1020 1786 praeferebat.
1068 1708 1102 1769 et
1126 1706 1161 1767 tu

193 1790 321 1872 quidem
336 1789 377 1852 ad
392 1790 628 1853 exonerandam
642 1788 827 1852 debentium
841 1787 1070 1853 uerecundiam
1084 1808 1160 1872 quas

193 1874 227 1935 in
253 1879 326 1936 tuos
357 1873 482 1936 confers
510 1895 576 1937 non
604 1873 654 1936 uis
681 1872 783 1936 uideri
805 1876 983 1954 praestare,
1012 1873 1069 1938 sed
1095 1872 1160 1937 red-

155 1973 181 2011 20
194 1957 276 2019 dere.
320 1978 469 2039 geramus
492 1956 551 2020 tibi
573 1978 695 2020 morem
719 1959 750 2019 et
773 1956 1002 2021 beneficiorum
1023 1976 1160 2022 summas

194 2042 321 2102 tuorum
348 2060 406 2121 pro
430 2043 485 2102 tua
512 2040 677 2104 uoluntate
702 2041 870 2122 ducentes,
900 2041 1053 2125 quicquid
1074 2041 1161 2107 fami·

194 2123 325 2189 liaribus
340 2123 403 2186 tuis
419 2123 545 2206 tribuis,
568 2146 632 2188 non
659 2126 806 2208 expendi,
830 2125 886 2189 sed
903 2125 1010 2207 potius
1032 2124 1160 2210 rependi

194 2213 352 2291 putemus,
397 2208 560 2272 enimuero
585 2231 657 2274 cum
679 2210 792 2273 leuiter
815 2210 962 2294 cognitos
987 2213 1046 2274 aut·
1068 2210 1160 2274 etiam

195 2293 293 2358 semel
307 2294 393 2358 uisos
415 2293 466 2358 his
481 2293 656 2359 honoribus
676 2293 760 2358 ditas
783 2293 896 2376 quibus
919 2295 952 2357 et
974 2294 1073 2359 amici
1093 2313 1161 2378 pos·

156 2392 182 2434 2⁵
196 2382 268 2443 sent
289 2399 357 2442 esse
381 2378 539 2443 contenti:
562 2401 670 2443 nonne
691 2378 840 2442 omnibus
862 2378 911 2441 uis
926 2378 1066 2462 probare
1087 2376 1159 2443 ami·

196 2485 267 2527 cum
289 2463 349 2526 tibi
372 2484 440 2527 esse
463 2464 517 2547 qui
539 2463 640 2527 bonus
663 2463 727 2527 sit?
751 2462 929 2545 cuicunque
952 2463 1032 2546 quid
1046 2458 1160 2547 publici

194 2547 382 2611 mandatum
402 2548 502 2611 fuerit
522 2547 629 2630 officii,
652 2548 830 2630 praemium
852 2545 1029 2630 spondetur
1052 2552 1085 2611 et
1097 2542 1160 2611 red·

195 2631 289 2694 ditur.
338 2632 399 2694 sibi
427 2631 644 2695 humilitatem
678 2634 711 2696 et
737 2632 885 2696 tenebras
920 2652 996 2695 suas
1029 2630 1161 2717 imputet

196 2713 303 2777 iacens
325 2714 427 2777 uirtus
450 2736 530 2797 quae
552 2736 617 2778 non
639 2716 756 2780 obtulit
777 2737 811 2779 se
832 2715 1044 2798 probandam.
1082 2710 1161 2800 quod

157 2813 183 2853 oo
196 2797 411 2944 leonscientiae
439 2802 511 2862 tuae
544 2799 678 2882 sufficit,
712 2800 887 2865 honoratus
920 2802 971 2862 est
1005 2799 1061 2884 qui
1092 2818 1161 2884 pro·

218 2884 298 2946 atus.

262 3127 278 3173 4
301 3129 423 3175 uetustas
446 3130 473 3175 et
491 3137 527 3172 w:
554 3129 665 3173 uetusta
688 3123 738 3174 sed
756 3125 778 3172 A
799 3126 927 3172 uetustas
951 3123 1003 3173 sed
1025 3122 1122 3172 MV
1149 3116 1161 3181 ll
1195 3143 1196 3146 ¹

196 3194 212 3240 6
232 3190 356 3241 Perithoi
373 3193 406 3238 W
436 3190 446 3256 ΙΙ
476 3195 490 3242 7
509 3191 643 3257 pinthiam
661 3193 683 3240 A
700 3192 721 3239 B
741 3191 773 3238 V:
798 3190 937 3239 Phithiom
955 3190 988 3238 W
1013 3190 1127 3255 pithiam
1147 3188 1163 3237 0

199 3254 211 3321 Η
232 3260 247 3307 9
265 3264 349 3308 morte
367 3261 401 3320 Η,
420 3275 488 3310 corr.
509 3260 643 3309 Acidaliae
667 3256 677 3322 ΙΙ
702 3259 734 3306 16
752 3258 840 3306 uincit
857 3258 879 3305 A
896 3258 932 3307 V:
951 3258 1023 3309 uicit
1041 3256 1134 3307 MV!
1150 3252 1162 3319 ll

198 3326 229 3373 17
253 3332 280 3374 et
302 3326 450 3376 Acidaliae:
470 3325 528 3375 sed
551 3327 578 3373 n
607 3323 616 3389 ΙΙ
646 3328 678 3374 22
701 3325 792 3388 potius
815 3325 862 3375 ssd
883 3327 922 3384 ll,
945 3332 1081 3391 trampus.
1099 3324 1164 3375 hiri·

196 3394 266 3440 aeine
295 3391 305 3455 ΙΙ
335 3395 368 3442 24
390 3392 473 3441 semel
490 3402 551 3455 post
567 3393 716 3442 honoribus
734 3395 815 3441 iterat
833 3394 863 3447 0.
886 3394 953 3442 rende
972 3386 1166 3444 bonomium!

196 3460 254 3506 edd.
280 3457 289 3522 ΙΙ
319 3462 352 3509 25
370 3460 412 3509 uis
430 3473 467 3507 w:
491 3462 549 3509 suis
567 3461 594 3507 Al
618 3458 628 3525 ΙΙ
658 3461 690 3510 26
708 3460 818 3526 publice
836 3461 869 3506 W
893 3456 903 3523 ss
929 3461 962 3509 ‘27
984 3460 1078 3510 fuitA
1102 3458 1114 3525 Ι
1136 3458 1166 3511 30

196 3528 238 3571 est
255 3524 406 3575 honoratus
425 3526 445 3574 B
466 3527 489 3573 V
