2394 3990
183 213 225 278 36
505 214 528 267 1.
558 211 587 262 Ο.
606 211 723 262 PLINII
741 210 819 260 PAN.

184 367 298 428 natura
331 364 501 445 pateretur,
535 382 629 444 quam
658 359 797 423 libenter
829 361 879 421 tot
913 357 1072 440 spoliatis,
1103 362 1156 423 tot

184 448 351 513 trucidatis
385 446 577 529 sanguinem
610 446 643 508 et
679 444 763 507 bona
795 442 984 506 refudissest
1022 443 1155 509 uetuIsti

186 533 272 617 exigi
295 531 378 614 quod
400 530 508 593 deberi
535 551 602 593 non
629 531 685 592 tuo
712 527 839 592 saeculo
869 530 1028 610 coeperat.
1073 528 1155 593 alius

186 622 222 683 ut
250 614 491 680 contumacibus
520 614 711 677 irasceretur
732 611 979 694 tarditatemque
1008 612 1157 677 soluendi

160 699 276 783 sdupli
302 700 354 763 uel
382 699 478 764 etiam
502 697 669 781 quadrupli
696 697 890 782 irrogatione
918 697 1092 761 multaret:
1119 700 1158 762 tn

186 785 268 847 nihil
290 783 409 847 referre
431 783 609 867 iniquitatis
625 782 797 861 existimas,
821 780 930 864 exigas
946 782 1033 863 quod
1048 781 1157 847 deberi

186 890 253 932 non
276 868 451 951 oportuerit
472 890 514 931 an
536 867 710 932 constItuas
732 870 768 929 ut
790 866 951 929 debeatur.

250 952 333 1018 XLI.
368 953 474 1035 Feres,
499 950 625 1034 Caesar,
649 971 757 1014 curam
773 952 805 1013 et
819 948 1067 1014 sollicitudinem
1084 972 1157 1015 con·

187 1038 334 1102 sularcm.
378 1060 453 1101 nam
475 1037 554 1099 mihi
576 1056 611 1100 co
636 1034 730 1097 itanti
758 1035 892 1097 eundem
913 1037 945 1097 te
967 1034 1158 1100 collationes

150 1142 175 1180 10
188 1122 357 1203 remisisse,
374 1121 561 1184 donatiuum
571 1057 756 1200 reddidisse,
779 1118 981 1202 congiarium
992 1119 1158 1205 obtulisse,

188 1205 345 1268 delatores
362 1205 517 1289 abegisse,
538 1202 710 1287 uectigalia
728 1207 933 1286 temperasse,
956 1203 1159 1289 interrogan-

189 1289 247 1352 dus
269 1289 388 1352 uideris
410 1289 530 1352 satisne
553 1288 787 1370 computaueris
809 1288 935 1370 imperii
950 1287 1082 1353 reditus.
1113 1310 1158 1353 an

187 1375 296 1436 tantas
330 1373 415 1436 uires
442 1372 541 1437 habet
573 1372 742 1456 frugalitas
770 1372 925 1455 principis
958 1376 994 1435 ut
1021 1375 1072 1437 tot
1097 1375 1158 1438 im·

188 1456 323 1541 pendiis,
347 1459 398 1520 tot
419 1456 657 1541 erogationibus
681 1456 747 1520 sola
778 1456 939 1520 sufficiat?
976 1479 1054 1522 nam
1081 1458 1158 1541 quid

150 1560 175 1600 15
189 1545 239 1606 est
261 1562 374 1606 causae
397 1542 544 1605 curaliis
567 1542 703 1625 quidem,
729 1562 800 1605 cum
823 1542 931 1604 omnia
953 1547 1104 1625 raperent
1126 1547 1159 1607 et
1193 1572 1196 1581 ·

188 1630 282 1710 rapta
315 1627 501 1708 retinerent,
529 1629 566 1691 ut
599 1626 626 1689 si
654 1625 737 1689 nihil
769 1626 961 1709 rapuissent,
997 1626 1160 1692 defuerint

189 1712 307 1794 omnia,
329 1711 399 1794 tibi,
424 1732 495 1775 cum
509 1713 577 1774 tam
592 1711 693 1774 multa
715 1711 863 1794 largiaris
876 1714 907 1774 et
921 1711 1005 1774 nihil
1020 1711 1158 1796 auferas,
1194 1794 1196 1799 Ι

189 1799 226 1857 ut
247 1796 274 1858 si
296 1794 378 1858 nihil
400 1796 547 1878 largiaris
570 1798 602 1858 et
624 1795 748 1859 auferas
770 1798 889 1878 omnia,
918 1797 1026 1860 omnia
1048 1818 1158 1880 super·

190 1879 278 1940 sint?
316 1900 489 1961 numquam
525 1879 724 1961 principibus
760 1879 933 1944 defuerunt
964 1881 1019 1963 qui
1050 1881 1159 1947 fronto

151 1979 177 2018 ao
190 1961 276 2024 tristi
304 1965 336 2024 et
362 1963 454 2045 graui
481 1962 650 2044 supercilio
674 1963 866 2028 utilitatibus
893 1964 962 2028 fisci
993 1968 1158 2031 conturna·

191 2045 270 2108 citer
299 2045 456 2110 adessent.
500 2049 532 2109 et
560 2049 652 2109 erant
679 2048 841 2134 principes
869 2049 931 2132 ipsi
959 2070 1017 2113 sua
1042 2054 1159 2135 sponte
1185 2110 1188 2115 .

190 2129 276 2192 auidi
299 2139 330 2192 et
351 2152 482 2214 rapaces
506 2133 538 2194 et
560 2131 615 2214 qui
635 2133 797 2216 magistris
812 2154 877 2196 non
895 2137 1043 2281 egerent3
1064 2134 1159 2219 plura

189 2218 299 2278 tamen
327 2236 451 2298 semper
478 2237 496 2278 a
523 2215 618 2279 nobis
647 2220 759 2281 eontra
786 2239 846 2282 nos
874 2217 905 2281 di
927 2218 1063 2283 icerunt.
1104 2219 1159 2283 sed
1189 2214 1196 2239 *

191 2298 230 2362 ad
252 2302 323 2363 tuas
346 2321 437 2364 aures
460 2321 532 2365 cum
555 2301 669 2364 ceteris
692 2301 839 2367 omnibus
861 2304 930 2365 tum
952 2303 1004 2367 uel
1017 2303 1157 2369 maximo
1194 2340 1196 2347 ·

152 2401 177 2442 25
191 2383 296 2448 auaris
332 2385 567 2450 adulationibus
604 2387 785 2450 obstructus
823 2389 871 2450 est
903 2387 1018 2453 aditus.
1061 2388 1161 2453 silent
1194 2444 1196 2451 .

191 2490 267 2551 crgo
291 2473 324 2533 et
340 2471 517 2555 quiescunt,
540 2475 580 2553 et,
603 2476 772 2554 postquam
793 2493 859 2534 non
882 2473 932 2535 est
954 2472 1004 2536 cui
1026 2473 1160 2537 suadea-
1193 2488 1196 2497 ’

190 2556 251 2632 tur,
285 2553 340 2634 qui
371 2554 528 2617 suadeant
559 2576 627 2618 non
650 2559 733 2619 sunt.
776 2577 838 2638 quo
867 2557 976 2620 euenit
1003 2558 1054 2639 ut,
1088 2576 1161 2622 cum

190 2635 362 2714 plurimum
384 2637 445 2699 tibi
466 2659 524 2719 pro
547 2638 620 2720 tuis,
644 2639 717 2720 plus
739 2642 848 2703 tamen
870 2661 928 2723 pro
949 2642 1070 2705 nostris
1092 2662 1161 2706 mo·
1194 2680 1196 2685 ·

190 2716 278 2779 ribus
302 2717 482 2783 debeamus.
1190 2740 1196 2805 ’,

153 2821 178 2860 ao
254 2799 355 2867 Xnss.
390 2803 478 2867 Locu
502 2804 646 2868 letabant
668 2810 701 2870 et
721 2808 833 2871 fiscum
857 2817 888 2871 et
911 2810 1068 2873 aerarium
1091 2826 1173 2873 nou.
1187 2844 1196 2863 ·-

191 2886 258 2947 tam
264 2884 428 2951 Uoconiae
440 2892 472 2951 et
479 2826 583 2952 iuliae
595 2889 683 2974 leges
695 2913 792 2975 quam
804 2893 982 2957 maiestatis
994 2894 1168 2979 singulare

259 3127 274 3174 2
294 3126 429 3189 sanguine
448 3128 464 3174 0
495 3125 504 3192 11
534 3130 549 3178 5
567 3128 613 3178 uel
632 3131 717 3180 etiam
735 3133 813 3182 edd:
837 3131 883 3181 nel
906 3136 933 3182 et
949 3135 976 3182 H
994 3132 1040 3183 uel
1057 3135 1112 3183 siue
1130 3124 1196 3191 οὓς

192 3191 259 3257 ςΙὶ8
277 3192 333 3244 fers
351 3194 371 3242 B
388 3190 398 3257 ΙΙ
419 3196 450 3245 13
469 3195 619 3260 frugalitas
636 3211 674 3246 w:
695 3198 836 3264 fragilitas
853 3200 881 3247 Π
896 3196 908 3266 Η
926 3203 957 3251 16
974 3206 1035 3266 post
1052 3199 1171 3266 rapnifl·
1185 3198 1196 3279 j

191 3265 252 3309 sent
270 3263 329 3314 edd.
348 3263 447 3311 addunt
465 3263 533 3312 nihil
557 3264 743 3315 detinuissent
764 3265 959 3331 (retinuissent
977 3265 1124 3333 Liuineius)
1148 3252 1166 3323 ll

192 3328 223 3375 17
242 3333 268 3377 et
286 3328 356 3377 nihil
372 3329 447 3376 BV!
460 3334 488 3379 et
506 3333 523 3379 0
542 3346 594 3382 nec
612 3330 664 3396 Wl
687 3333 718 3383 18
737 3337 768 3382 ut
787 3335 813 3384 si
831 3334 900 3384 nihil
918 3334 1050 3400 largiaris
1063 3340 1092 3386 et
1110 3342 1170 3385 au·

192 3392 268 3442 feras
286 3395 353 3444 BV:
372 3412 418 3446 om.
437 3399 454 3445 0
471 3400 504 3445 W
521 3415 599 3449 causa
619 3407 712 3463 operta
727 3397 731 3464 Ι
748 3402 849 3459 omnia,
867 3403 959 3453 omnia
976 3406 1086 3470 scripsi:
1105 3408 1181 3453 om·-

190 3459 239 3508 nra
260 3462 287 3507 n
316 3460 325 3526 n
355 3465 387 3512 20
410 3467 489 3528 graui
512 3472 540 3517 et
562 3466 677 3518 tinne
706 3465 715 3530 ιι
746 3469 777 3517 a1
801 3468 855 3533 ipsi
878 3485 924 3520 om.
948 3472 982 3519 w
1011 3469 1022 3536 l
1050 3472 1085 3522 aa
1107 3456 1170 3523 isti

191 3541 251 3576 cunr
269 3527 414 3592 plurimum
434 3535 451 3581 0
