2406 4012
130 248 194 311 204
452 250 499 301 m
529 247 679 299 moneri
696 245 777 296 ran.

132 399 172 463 ad
195 399 407 477 resistendum
429 396 508 460 Padi
530 396 632 459 limite
657 399 714 460 aut
734 395 903 478 Apennini
926 395 1015 480 iugis
1038 398 1102 461 ute-

131 487 236 566 retur,
265 482 320 546 sed
342 482 466 545 litteras
490 481 710 545 calamitatum
731 501 860 544 suarum
881 478 1010 544 indices
1032 502 1099 563 sup

131 568 302 651 primebat,
324 564 485 629 interdum
508 566 605 628 etiam
626 565 734 648 palam
756 567 915 647 utusque
939 563 981 627 ad
995 568 1099 647 portae

131 654 295 715 ueniretur
316 650 463 733 optabat,
485 671 552 713 non
573 649 766 733 intellegens
788 648 993 712 maiestatem
1015 649 1097 712 illam

106 736 234 817 curbis,
261 756 342 818 quae
364 734 487 817 pridem
510 733 655 797 admotos
677 734 834 798 exercitus
858 732 1097 815 sollicitauerat,

131 822 196 883 iarn
218 819 350 903 flagitiis
372 819 473 902 ipsius
496 819 708 882 deformatam
732 821 767 899 et
789 817 918 881 sedibus
945 818 1013 881 suis
1033 818 1096 900 pul·

132 927 200 969 sam
222 904 262 967 ad
277 907 334 968 tua
357 903 475 968 auxilia
488 903 640 966 transisse
662 923 721 966 nec
743 902 818 966 ullis
834 902 988 985 praemiis
1011 922 1096 984 posse

133 990 293 1072 corrumpi
327 1010 404 1072 quos
433 988 493 1052 tibi
526 990 654 1070 praeter
688 986 916 1050 liberalitatem
944 988 1035 1049 tuam
1067 988 1097 1049 et

133 1074 327 1138 sacramenti
348 1073 443 1137 fidem
458 1076 508 1136 tot
529 1072 738 1136 uictoriarum
753 1071 877 1156 gloriae
894 1070 1093 1135 dicauissent

95 1182 121 1221 ιο
155 1159 203 1223 uis
219 1159 305 1221 enim
319 1158 420 1237 miles,
444 1156 497 1239 qui
513 1156 609 1220 ductu
626 1160 722 1239 atque
736 1155 887 1238 auspiciis
903 1155 969 1218 tuis
983 1154 1095 1219 totiens

132 1181 316 1306 lelicissime
349 1241 549 1322 dimicasset,
587 1240 720 1304 uulnera
753 1240 801 1304 illi
835 1260 894 1302 sua
924 1236 1096 1303 uenderet?

132 1325 209 1389 belli
237 1326 300 1388 iam
327 1347 430 1408 paene
459 1325 597 1389 confecti
626 1346 782 1388 summam
810 1322 1026 1388 concederet?
1066 1326 1094 1385 nt

134 1409 220 1473 enim
237 1413 273 1473 tu
293 1410 327 1472 id
341 1410 446 1493 ipsum
468 1410 507 1473 de
530 1408 642 1473 ardore
656 1410 754 1473 totius
778 1409 936 1472 exercitus
959 1408 1093 1472 sentiens

134 1496 203 1558 sine
225 1493 291 1557 ulla
312 1493 493 1558 haesitandi
514 1515 612 1575 mora,
636 1515 699 1576 qua
719 1493 946 1557 breuissimum
967 1513 1026 1576 per
1040 1490 1093 1556 Ue·

96 1600 121 1640 15
134 1583 226 1644 netos
254 1579 317 1643 iter
338 1582 403 1662 est,
432 1600 468 1642 ra
490 1582 523 1642 to
552 1578 681 1661 agmine
707 1577 876 1659 aduolasti,
907 1577 1092 1641 celeritatem

134 1664 222 1728 illam
244 1665 278 1727 in
299 1664 440 1747 gerendo
462 1601 620 1745 §cipionis
643 1665 675 1726 et
692 1661 835 1726 Caesaris
858 1661 944 1725 hanc
965 1661 1091 1725 maxine

136 1749 278 1832 cupienti
299 1749 419 1812 Romae
441 1751 694 1831 repraesentans.
733 1746 813 1810 baec
835 1749 889 1810 est
906 1746 1024 1810 fiducia
1043 1744 1091 1807 im·

134 1833 291 1915 peratoris
318 1833 433 1896 inuicti
461 1836 493 1895 et
514 1853 644 1895 suorum
672 1832 833 1895 mentibus
854 1830 932 1893 freti
960 1852 1025 1894 non
1046 1828 1090 1891 du·

134 1917 237 1978 bitare
265 1937 325 1979 nec
353 1916 479 1979 trahere
503 1917 638 1995 bellum,
667 1916 722 1978 sed
750 1916 931 1998 proximum
959 1914 1090 1998 quodque

96 2021 121 2060 ²⁰
134 2019 262 2145 tttflt
276 2000 941 2157 tmtttttttttlttulatri?
963 1996 1090 2165 tlt

306 2133 313 2146 ’
933 2134 942 2166 7

135 2189 184 2231 res
214 2189 343 2250 asperas
370 2168 476 2231 locum
497 2172 685 2252 tempusque
714 2172 874 2252 captares,
904 2168 961 2232 sed
989 2183 1089 2251 urgere

135 2257 167 2317 te
196 2274 359 2317 successus
386 2256 458 2316 tuos
488 2256 521 2316 et
550 2255 737 2317 continuare
766 2254 916 2318 uictorias
949 2255 983 2316 et
1008 2268 1089 2335 quan

135 2338 276 2422 primum
298 2338 467 2402 subuenire
489 2338 560 2402 urbi
583 2338 725 2402 decebat.
767 2338 923 2421 sapientis
947 2337 1032 2400 enirn
1051 2334 1090 2397 est

97 2441 122 2481 2⁵
135 2424 337 2506 imperatoris
364 2423 475 2487 fractis
502 2423 597 2487 rebus
630 2423 809 2487 cunctando
837 2421 1021 2503 consulere,
1054 2436 1090 2481 se

137 2508 248 2572 cundia
270 2530 337 2571 non
360 2508 469 2572 deesse
490 2507 647 2572 fortunae.

198 2591 288 2654 XVI.
332 2593 445 2675 Itaque
472 2614 571 2655 unum
599 2595 664 2655 iam
686 2591 765 2655 illud
787 2591 964 2655 timebatur
987 2611 1028 2654 ne
1047 2584 1092 2651 illc

137 2673 327 2737 conterritus
350 2675 400 2737 his
420 2675 552 2757 uiribus,
574 2677 717 2758 grauiter
739 2675 877 2739 afflictus
901 2675 985 2739 etin
1001 2676 1095 2738 astum

135 2756 285 2818 redactus
308 2756 383 2820 boni
406 2758 585 2822 consuleret
607 2763 639 2823 et
654 2761 775 2824 debitas
797 2760 844 2823 rei
860 2759 1011 2843 publicae
1031 2776 1097 2841 pce·

205 2964 218 3011 1
239 2963 274 3012 ad
292 2962 476 3014 resistendum
494 2965 544 3015 del.
565 2965 698 3016 Acidaliae
717 2963 721 3029 Ι
741 2971 772 3015 ut
788 2964 858 3015 Padi
875 2978 900 3013 v
926 2963 936 3028 l
967 2962 1101 3013 2iudieee

135 3030 158 3079 Δ
175 3033 195 3079 Β
214 3033 231 3081 0
248 3033 270 3079 V
293 3031 297 3095 Ι
322 3032 512 3097 supprimebat
529 3034 549 3081 B
568 3034 590 3080 V
606 3047 642 3081 w:
662 3033 870 3098 supprimebant
887 3034 909 3080 Δ
927 3034 946 3080 (1
976 3030 987 3097 ΙΙ
1017 3029 1102 3081 osuiu

135 3100 294 3165 propulsam
312 3102 345 3148 W
366 3098 376 3164 ΙΙ
399 3102 415 3150 8
434 3098 474 3166 et]
494 3100 569 3149 adv
592 3098 602 3165 ΙΙ
626 3104 642 3150 9
660 3100 834 3151 dicauiaeent
851 3113 888 3147 w:
909 3099 948 3148 dii
966 3100 1104 3150 cantarent

135 3170 163 3216 Η
180 3165 190 3232 ΙΙ
210 3171 239 3217 11
258 3170 340 3217 malim
357 3168 487 3218 uenderet
504 3173 531 3217 et
547 3168 615 3219 belli
631 3164 641 3232 ΙΙ
660 3170 691 3217 14
709 3169 767 3218 elne
786 3166 844 3218 ulla
861 3166 954 3218 Bere:
972 3182 1029 3218 non
1047 3166 1104 3217 sinc

134 3236 193 3286 ulla
211 3237 239 3283 Η
254 3237 258 3297 Ι
273 3236 394 3285 Uenetos
411 3237 557 3286 Liuineius:
576 3251 623 3286 eos
640 3236 667 3283 ll
680 3233 690 3300 ΙΙ
704 3237 735 3284 16
753 3237 783 3284 in
800 3234 916 3300 gerendo
935 3251 1000 3299 epo:
1018 3236 1048 3284 in
1064 3246 1104 3283 re·

135 3303 224 3367 gendo
241 3305 269 3351 11
286 3304 316 3352 in
333 3318 364 3353 re
383 3303 502 3365 gerenda
520 3317 544 3351 w
562 3305 566 3363 Ι
588 3303 661 3353 hanc
678 3306 788 3367 scripsi:
806 3308 873 3352 tunc
890 3304 919 3350 1
937 3317 1022 3365 qnam
1041 3300 1105 3365 Epr-

135 3372 288 3421 ccnlrcrdtac
301 3367 311 3434 ΙΙ
323 3371 355 3419 21
374 3374 405 3417 ut
419 3368 466 3433 Q.]
486 3374 547 3435 utq;
560 3372 583 3418 Δ
599 3371 694 3433 utique
711 3371 795 3419 ΒΗ
811 3371 854 3420 uti
871 3371 889 3435 ξ
906 3368 1001 3435 „1¹23
1020 3371 1105 3419 uicto·

135 3437 189 3486 rias
207 3443 235 3486 et
251 3437 344 3487 Ber-t:
362 3437 480 3485 uictoria
499 3438 544 3487 sed
556 3440 579 3486 Δ
591 3439 642 3486 GV
660 3439 806 3487 uictoriam
826 3437 872 3486 sed
889 3438 957 3486 ΠΙ
969 3436 980 3503 ΙΙ
992 3440 1026 3487 28
1045 3451 1105 3487 con·

135 3504 245 3552 territus
263 3507 542 3619 edpnccntenluslt
555 3504 610 3569 1129
629 3501 669 3572 et]
689 3510 719 3554 ut
731 3506 865 3556 Acidaliae
880 3505 885 3569 Ι
901 3520 989 3568 penae
1008 3506 1025 3554 0
1039 3504 1061 3553 V
1074 3502 1105 3567 (l)

136 3584 172 3617 w:
191 3585 278 3636 pynas
