2406 4012
292 178 503 233 murmuro
521 178 693 232 suasero
712 180 746 231 o.
781 183 874 232 s-n.
1027 179 1068 245 97

96 333 134 395 et
154 328 305 395 iustiores
334 328 419 412 quod
445 328 518 393 illos
543 334 646 393 mater
673 332 746 394 astu
767 330 890 415 coegit,
920 352 993 397 cum
1014 352 1069 395 ne·

97 414 184 479 mini
209 413 365 479 fateretur
394 434 489 497 quem
515 414 605 497 prius
627 413 780 479 edidisset
799 415 835 479 in
857 414 970 496 lucem,
998 415 1069 511 pari

98 498 219 563 aeuus
245 496 436 563 auctoritate
463 518 615 582 regnare:
647 519 705 563 uos
726 499 787 564 hcc
815 503 931 583 sponte
952 498 1069 581 facitis,

97 604 183 733 iffi
202 581 393 733 insgdummis
419 582 516 647 rebus
543 583 693 666 aequauit
720 605 786 653 nou
813 583 959 649 uultuum
982 583 1070 648 simi·

184 687 204 731 o
315 687 448 731 morum
1080 686 1093 726 5

156 717 376 817 X.’Attsmen
398 750 483 832 illos,
511 750 540 815 si
568 751 739 816 discrimen
768 752 817 815 sui
845 754 927 817 scire
948 753 1070 838 potuis·

99 840 186 918 sent,
214 836 322 901 minus
343 835 460 899 mirum
487 834 602 899 fuisset
629 836 778 919 exiguam
806 837 867 901 sibi
894 838 1070 905 communi-

99 942 192 987 cesse
212 919 389 1005 regionem,
414 940 507 1002 quam
530 940 625 1003 saepe
647 941 712 983 uno
734 920 785 984 dia
806 921 945 1005 impiger
966 923 1072 986 uiator

99 1025 251 1071 emensus
278 1006 338 1067 est.
371 1024 430 1067 uos
458 1024 534 1068 uero
541 1053 550 1085 ‚
585 1004 639 1086 qui
668 1004 836 1088 imperium
863 1027 930 1069 non
957 1008 1070 1087 terrae,

97 1090 156 1153 sed
180 1087 261 1153 caeli
281 1087 468 1173 regionibus
489 1088 681 1172 terminatis,
702 1092 827 1155 tentum
849 1090 925 1173 uim,
946 1093 1072 1155 tantam
1086 1109 1110 1148 10

98 1175 294 1272 potestatem
322 1176 434 1237 mutuo
462 1172 555 1237 uobis
583 1173 748 1256 impartire
776 1174 906 1239 diuinae
927 1174 1071 1258 profecto

98 1257 353 1340 immortalisque
376 1256 511 1322 fiduciae
533 1261 590 1340 est,
613 1280 706 1342 quam
724 1258 881 1342 cupiditas
896 1259 987 1323 nulla
1001 1280 1072 1343 per·

98 1344 222 1409 turbet.
253 1345 285 1405 et
307 1344 417 1405 tamen
437 1343 537 1423 uides,
559 1342 743 1426 imperator,
766 1364 832 1407 non
852 1343 999 1409 inuenire
1021 1365 1072 1407 me

96 1449 141 1491 cx
162 1427 251 1491 omni
272 1425 465 1509 antiquitate
485 1426 570 1509 quod
587 1448 768 1512 comparem
790 1427 891 1511 uobis,
914 1428 977 1493 nisi
992 1427 1072 1491 Her-

98 1511 214 1577 culeae
258 1510 343 1574 entis
365 1531 456 1575 exem
480 1510 555 1575 lum.
590 1533 665 1576 nam
694 1512 748 1575 ille
776 1511 903 1595 quidem
931 1532 1070 1596 magnus
1086 1530 1111 1570 1⁵

98 1531 288 1661 Alexander
316 1595 381 1659 ism
408 1532 487 1659 milii
515 1595 645 1659 humilis
673 1596 800 1660 uidetur
821 1596 902 1692 Indo
924 1596 994 1679 regi
1016 1617 1074 1661 sua

97 1702 204 1765 regna
230 1678 407 1761 reddendo,
435 1701 508 1743 curn
535 1683 605 1744 tam
632 1680 725 1744 multi
748 1701 857 1764 reges,
888 1683 1072 1764 1mperator,

97 1764 203 1829 uestri
232 1763 365 1829 clientes
393 1763 474 1843 sint,
505 1785 578 1829 cum
606 1786 663 1848 per
690 1768 723 1829 te
750 1785 888 1848 regnum
916 1764 1074 1849 receperit

99 1847 341 1913 Gennoboudes
364 1870 383 1911 a
405 1852 499 1933 teque
523 1849 666 1914 cominus
689 1850 857 1933 acceperit.
889 1850 965 1933 quid
987 1850 1074 1913 enim

99 1932 158 1998 illc
180 1932 267 1997 aliud
288 1933 445 2017 expetiuit
472 1934 512 1997 ad
539 1940 747 2018 conspectum
775 1940 864 2000 tuam
891 1935 1074 1999 cumomni
1087 1954 1112 1993 ro

99 2039 161 2082 sua
187 2020 286 2102 gente
313 2017 488 2100 ueniendo,
521 2019 584 2083 nisi
620 2022 657 2085 ut
685 2024 763 2085 tuno
792 2020 919 2085 demum
945 2020 1075 2104 integra

98 2102 295 2167 auctoritate
317 2105 477 2186 regnaret,
500 2123 572 2167 cum
594 2107 636 2186 te,
659 2103 864 2184 Maximiano,
888 2104 1073 2189 placasset?

98 2185 244 2251 ostendit
257 2187 313 2251 ille
333 2190 366 2250 te
388 2186 575 2271 identidem,
598 2192 635 2252 ut
657 2189 761 2271 audio,
784 2189 993 2273 popularibus
1009 2190 1074 2251 suis

99 2275 135 2335 et
160 2271 280 2335 intueri
307 2271 363 2335 diu
389 2271 483 2335 iussit
513 2276 546 2335 et
577 2274 728 2356 obsequia
754 2272 885 2355 discere,
914 2293 985 2336 cum
1015 2271 1075 2335 tibi

98 2356 171 2440 ipse
198 2356 342 2420 seruiret.
380 2355 442 2422 hoc
470 2357 581 2421 eodem
607 2357 703 2420 modo
731 2376 788 2419 rex
816 2355 870 2419 ille
893 2355 1073 2431 Persarum,
1088 2373 1113 2413 ss

98 2461 278 2524 numquam
299 2461 334 2505 se
354 2444 431 2505 ante
451 2441 602 2524 dignatus
623 2440 787 2504 hominem
804 2439 959 2521 confiteri,
982 2439 1076 2501 fratri

98 2529 158 2589 tuo
188 2525 348 2609 supplicat
379 2528 561 2608 totumque,
601 2524 628 2587 si
665 2524 791 2608 ingredi
824 2522 880 2587 ille
913 2522 1074 2607 dignetur,

99 2631 239 2694 regnum
260 2631 354 2674 suum
375 2609 499 2693 pandit.
531 2609 625 2673 offert
647 2608 777 2673 interim
799 2608 890 2672 uaria
912 2608 1075 2690 miracula,

99 2695 238 2758 eximiae
259 2694 484 2779 pulcritudinis
512 2694 596 2758 feras
626 2693 744 2777 mittit,
774 2693 935 2759 amicitiae
956 2714 1077 2758 nomen

97 2778 146 2843 im
170 2782 273 2843 etrare
295 2800 361 2843 aaa
384 2781 554 2843 contentus
577 2781 776 2862 promeretur
799 2779 963 2863 obsequio.
1088 2797 1114 2836 ³0

191 2862 216 2927 1.
240 2862 357 2928 Uestru
375 2863 438 2928 hoc
460 2864 628 2928 concordia
648 2864 736 2946 facit,
759 2863 965 2928 inuictissimi
987 2864 1075 2947 prin-

99 2946 206 3031 cipes,
230 2952 267 3012 ut
288 2948 380 3013 uobis
407 2951 499 3013 tanta
528 2948 723 3032 aequalitate
752 2968 956 3012 successuum
979 2948 1076 3010 etiam
1179 2955 1184 2963 '

169 3103 186 3152 6
204 3103 317 3154 etiamsi
338 3104 412 3168 Cusp.
435 3100 445 3167 ll
470 3105 501 3152 17
520 3103 700 3167 imperatores
718 3102 807 3151 uestri
824 3104 861 3163 lt,
880 3101 988 3151 carreni
1012 3098 1022 3163 ΙΙ
1048 3101 1078 3149 18

98 3166 208 3237 recep]
232 3185 342 3236 suscep.
365 3168 440 3221 Bert.
472 3168 483 3234 ΙΙ
519 3173 550 3220 19
575 3168 780 3220 Gennoboudes
804 3184 821 3218 a
845 3173 930 3233 teque
953 3169 1078 3216 cominus

97 3239 210 3301 scripsi:
228 3238 392 3303 genncboud
405 3239 501 3288 ssateh
520 3237 680 3301 (gennobou
693 3236 809 3288 desateh
820 3237 844 3286 Α
853 3236 886 3284 W
899 3233 1033 3285 oxatheth
1047 3232 1078 3297 s)

98 3319 166 3356 uero
186 3321 283 3356 munus
300 3308 336 3357 lt.
365 3305 552 3357 Gonnoboude
570 3304 652 3355 Sathi
669 3304 744 3355 Bere.
770 3302 973 3354 Gennoboudes
992 3306 1078 3366 atque

97 3372 141 3437 (et
160 3388 178 3422 a
190 3378 219 3423 tc
232 3372 418 3438 Buechelerus)
437 3375 585 3424 comminus
600 3374 636 3424 H.
649 3372 769 3423 duellius
782 3375 799 3422 l.
814 3374 918 3435 l.p,17
934 3367 944 3435 ΙΙ
963 3372 996 3420 20
1015 3386 1079 3420 con·

98 3445 226 3507 spectum
244 3446 322 3491 tuum
340 3456 378 3490 w:
398 3445 575 3507 conspectum
591 3442 619 3489 1
632 3438 642 3505 ΙΙ
654 3442 686 3491 27
706 3438 741 3505 si]
762 3440 816 3491 sibi
834 3441 856 3487 Δ
875 3454 906 3489 se
920 3440 937 3486 0
949 3436 959 3503 ΙΙ
973 3441 1006 3489 30
1023 3454 1081 3489 non

98 3510 195 3559 addidi
213 3506 224 3572 tl
244 3510 277 3559 32
296 3510 326 3559 in
344 3513 426 3560 tanta
445 3510 520 3575 Cusp.
541 3509 546 3573 1
566 3522 744 3559 successuum
761 3521 799 3556 w:
819 3521 978 3559 successum
995 3506 1022 3553 Π

148 3591 237 3631 Pano.
249 3600 304 3633 ur.
913 3608 931 3659 »g
