2406 4012
134 215 197 279 248
479 217 528 270 xr.
556 216 767 268 umrrarrru

136 367 266 450 castris,
295 367 414 431 hiemes
442 367 477 429 in
498 365 713 430 tribunalibus
736 366 835 450 degit.
880 367 927 431 ita
953 367 1001 430 illi
1025 367 1089 431 anni

135 453 239 535 spatia
267 451 370 515 diuisa
398 453 472 513 sunt
499 453 536 513 ut
563 453 620 514 aut
642 450 796 514 barbaros
824 450 961 515 domitet
986 454 1039 516 ant
1057 452 1089 516 ri·

134 536 227 599 uibus
249 536 319 599 iura
339 535 498 613 restituat,
521 535 710 617 perpetuum
726 533 893 616 professus
915 540 972 601 aut
994 538 1089 600 contra

135 620 260 684 hostem
284 623 339 682 aut
361 622 474 683 contra
496 618 577 682 uitia
600 621 782 682 certamen!
1123 644 1126 651 ·

108 723 121 762 5
198 703 238 767 V.
264 703 352 766 Haec
373 724 467 767 uoces
482 704 614 766 fuerunt
635 702 676 765 ad
691 703 923 767 inflammanda
947 704 1020 768 odia
1033 725 1091 788 pro

134 788 201 851 bris
224 787 371 851 omnibus
386 789 591 870 potentiores.
619 788 647 850 si
670 787 754 851 enim
776 788 980 853 comminisci
1002 789 1093 873 aliqua

135 872 260 955 flagitia
281 875 508 956 temptassent,
537 871 631 935 facile
655 871 725 954 ipso
753 872 925 955 splendore
948 873 1094 937 laudiset

135 956 258 1041 gloriae
295 957 519 1021 refutarentur.
562 956 758 1019 inuenerunt
794 957 970 1021 accusandi
1004 978 1095 1042 genus

137 1042 220 1124 quod
242 1041 348 1104 nullur
370 1041 540 1104 refelleret.
571 1039 625 1102 sed
648 1039 733 1122 quid,
757 1061 812 1104 oro
834 1062 904 1123 uos,
926 1043 1096 1126 principem

96 1129 282 1189 mnostrum
311 1126 416 1189 facere
445 1123 590 1188 debuisse
619 1124 778 1188 censetis?
822 1124 989 1190 Romanas
1013 1126 1097 1190 urbes

135 1209 280 1272 hostibus
302 1209 431 1272 dederet
453 1230 494 1272 ne
517 1208 659 1271 animum
674 1208 784 1272 fratris
807 1209 1010 1275 offenderet?
1032 1231 1097 1295 pro·

134 1293 257 1355 uincias
285 1293 484 1356 firmissimas
517 1293 766 1376 utilissimasque
794 1294 842 1356 rei
868 1295 1021 1377 publicae
1047 1294 1098 1358 sub
1136 1310 1144 1363 ’τ

135 1375 299 1439 obtutibus
321 1377 386 1440 suis
409 1378 519 1440 uexari
542 1399 578 1440 ao
602 1377 697 1459 diripi
719 1377 853 1458 sineret,
878 1401 920 1443 ne
943 1380 1021 1463 quid
1043 1380 1098 1442 Au·
1138 1374 1144 1397 ⁴

135 1463 248 1544 gustus
270 1461 353 1543 quod
370 1461 470 1524 nollet
485 1461 632 1525 audiret?
654 1461 786 1544 flagitiis
807 1462 1099 1528 administrantium
1142 1484 1144 1529 3

96 1563 203 1608 1511011
225 1545 319 1609 modo
341 1545 434 1609 frena
455 1546 592 1628 laxaret,
616 1546 671 1608 sed
694 1546 789 1609 etiam
812 1547 999 1612 stimulator
1020 1568 1100 1612 acce-

136 1630 235 1713 deret,
258 1652 299 1693 ne
321 1631 407 1694 inter
421 1630 582 1714 principer
597 1630 718 1693 faceret
739 1652 864 1694 morum
880 1631 1100 1696 dissimilitudo

136 1714 349 1778 discordiam?
387 1715 526 1778 nobilem
548 1714 697 1778 Etruriae
726 1714 968 1780 adulescentem
989 1716 1100 1799 ferunt

137 1819 208 1862 cum
231 1803 363 1881 propter
391 1799 540 1885 eximiam
567 1798 689 1861 formae
711 1799 905 1882 dignitatem
931 1801 1102 1864 multarum

135 1883 170 1944 in
192 1904 226 1944 se
248 1883 438 1947 feminarum
468 1904 592 1946 amores
615 1883 782 1964 excitaret,
810 1882 929 1947 faciem
952 1907 1044 1949 suam
1064 1884 1102 1947 ad

96 1984 122 2022 20
135 1964 366 2028 obliterandam
407 1966 655 2049 pulcritudinem
702 1967 888 2031 uulneribus
932 1970 1100 2034 sauciasse.

135 2048 190 2112 sed
222 2048 318 2112 facile
354 2050 416 2112 fuit
452 2050 561 2114 iuueni
594 2050 746 2134 dignitati
783 2073 820 2115 co
860 2052 924 2115 oris
959 2053 1101 2118 decorem

135 2132 233 2197 animi
259 2136 471 2217 praeponenti
504 2138 537 2197 et
566 2135 738 2199 candorem
767 2135 844 2199 deco
857 2157 948 2200 orare
981 2142 1015 2203 et
1040 2137 1101 2204 oris

134 2219 273 2283 nitorem
295 2218 358 2282 alte
378 2218 531 2302 inpressis
554 2219 757 2283 cicatricibus
778 2220 1003 2286 deuenustare.
1028 2243 1101 2287 num

135 2303 256 2387 aliquid
283 2303 465 2368 huiusmodi
499 2303 649 2368 aduersus
678 2326 818 2369 amorem
852 2305 973 2369 ciuium
1001 2306 1101 2371 facere

96 2407 121 2446 25
135 2389 245 2453 debuit
273 2388 441 2452 Iulianus?
485 2392 518 2453 at
546 2410 587 2452 ue
619 2389 725 2471 potuit
752 2389 893 2473 quidem,
928 2391 995 2454 nisi
1021 2392 1100 2455 forte

135 2474 353 2537 existimamus
365 2474 523 2556 patientes
538 2473 708 2536 uulnerum
720 2473 840 2537 formas
855 2495 925 2540 esse
936 2476 1099 2539 uirtutum.

135 2558 259 2621 scilicet
280 2561 313 2620 et
336 2559 506 2622 candorem
534 2557 704 2641 aequitatis
727 2558 833 2640 potuit
854 2558 1047 2624 obumbrare
1072 2562 1101 2623 et

135 2641 383 2722 atemperantia
405 2663 579 2723 purpuram
602 2643 706 2706 sancti
727 2643 852 2706 ruboris
875 2642 1016 2726 abolere,
1040 2665 1100 2708 cer·

134 2722 237 2784 uicem
273 2723 475 2786 fortitudinis
510 2725 653 2808 indignis
697 2727 869 2791 confodere
904 2728 1100 2810 uulneribus,

95 2821 121 2861 ³⁰
135 2825 244 2868 eruere
266 2805 375 2868 oculos
397 2806 629 2890 prouidentiae!
658 2810 732 2874 dein
754 2811 818 2874 nisi
839 2811 894 2874 ille
917 2812 1100 2878 adulescens

135 2910 276 2952 seueram
298 2911 431 2954 manum
452 2893 590 2975 propriis
611 2895 752 2958 uultibus
776 2895 952 2979 intulisset,
982 2898 1050 2962 dies
1070 2898 1101 2959 et

133 2973 212 3038 hora
242 2996 278 3038 ac
306 2997 372 3040 non
399 2976 498 3061 longa
526 2979 641 3042 aetatis
670 2980 828 3043 successio
856 3001 986 3044 omnem
1014 2982 1099 3045 illum

203 3201 214 3246 l
234 3198 290 3248 illis
307 3200 347 3263 Π,
368 3216 436 3251 corr.
454 3213 479 3247 w
498 3198 502 3264 Ι
524 3201 590 3249 anni
606 3202 626 3248 B
645 3202 667 3248 V
685 3214 722 3248 w:
743 3202 823 3250 annis
840 3201 899 3250 Ac
963 3205 978 3252 2
999 3202 1087 3267 spatia

130 3268 212 3331 piscia
225 3263 270 3332 (=
280 3267 430 3330 patiencia)
444 3269 466 3315 Δ
478 3264 488 3332 ΙΙ
507 3269 522 3317 5
541 3268 593 3317 hec
612 3284 671 3332 epo:
689 3268 741 3318 hee
755 3269 806 3317 An
825 3269 859 3319 he
877 3277 938 3319 cett.
955 3269 1069 3335 {probis

134 3331 145 3395 ll
179 3336 209 3382 ll
231 3333 332 3383 dedere
351 3335 378 3382 Ι
408 3332 417 3399 ΙΙ
447 3337 480 3384 24
502 3335 609 3386 aduers.
629 3335 781 3385 huiusm.c
811 3333 821 3400 ΙΙ
851 3339 884 3387 25
907 3341 937 3385 at
956 3339 1099 3388 Liuineius:

132 3414 164 3448 ac
181 3401 209 3448 Π
232 3398 243 3464 ΙΙ
266 3404 299 3452 ‘28
317 3402 423 3452 roboris
441 3399 483 3465 ΔΙ
503 3403 639 3452 ceruicem
659 3405 777 3466 Lipsius:
795 3405 883 3453 uicem
900 3404 928 3451 Π
952 3402 962 3468 ΙΙ
987 3408 1022 3455 30
1039 3404 1100 3453 dein

131 3467 158 3514 in
174 3466 196 3514 A
215 3483 250 3516 ecc
268 3467 340 3517 deim
358 3485 443 3524 corn:
462 3470 495 3532 cf.
509 3470 611 3520 Laclm.
628 3471 704 3519 Lacr.
718 3487 744 3534 p.
760 3473 812 3520 148
828 3469 839 3536 ΙΙ
856 3474 888 3522 32
907 3471 975 3521 hora
988 3472 1099 3537 Eyssen·

130 3532 252 3582 hardres:
274 3550 349 3584 mora
366 3536 394 3583 Π
415 3534 419 3599 Ι
437 3550 471 3584 ac
489 3545 515 3587 et
534 3538 636 3588 aetatis
656 3538 794 3589 successio
813 3541 861 3589 del.
881 3540 1011 3603 Jaeprrrrr
