2406 4012
103 217 170 268 XIV
477 214 697 269 PRAEFATIO.

99 372 133 429 in
148 370 181 429 u
196 391 252 450 pro
267 370 338 429 ‘sol’
359 369 392 428 id
408 368 532 447 quodA
551 367 681 446 praebet
696 365 777 427 ‘sed'
793 368 905 428 uitiose
926 369 1086 448 scriptun·

99 465 180 515 erat:
218 455 316 527 unde,
345 462 379 512 ut
401 453 548 512 llbrorum
568 451 593 511 B
615 450 636 512 0
657 452 685 513 V
705 450 745 512 W
772 471 942 512 consensus
972 451 1069 528 docet,

97 542 236 617 Aurispa
258 557 353 618 praue
375 536 577 615 interpolauit
599 536 665 596 ‘sed
686 537 754 614 ipse
770 536 837 596 dies
861 536 1006 597 noctibus
1026 559 1070 598 ac·

97 625 251 703 quiescit'.
279 654 323 685 -,
350 642 423 700 pan.
446 621 513 680 XII
536 621 555 678 3
577 619 605 679 A
632 619 728 680 tradit
751 618 804 680 ‘de
826 630 858 681 te
880 622 976 699 igitur
998 623 1071 682 mibi

97 709 246 767 sermonis
274 705 365 765 huius
394 704 563 784 auspicium
591 704 644 764 ille
666 704 824 764 felicitatis
846 705 993 784 publicae
1021 726 1072 765 aa·

97 812 174 870 spex
205 791 283 851 dies'
311 790 454 869 idemque
486 789 520 847 in
547 808 602 847 suo
631 787 709 847 libro
742 791 920 869 repperisse
948 790 1073 851 uidetur

99 875 326 954 cuspinianus,
350 876 403 952 qui
426 894 480 953 pro
503 872 556 932 ‘de
578 875 621 932 te'
645 881 728 932 recte
750 876 888 953 reposuit
911 872 1009 933 ‘det'z
1042 882 1073 934 at

97 960 180 1020 enim
202 960 235 1017 in
258 959 283 1019 B
298 957 319 1019 0
333 956 362 1017 V
376 957 415 1018 W
437 958 658 1036 interpolatum
681 965 727 1016 est
749 957 800 1017 ‘de
816 966 847 1017 te
864 961 905 1037 ig.
923 978 963 1017 m.
980 977 1071 1018 serm.

96 1045 127 1103 h.
156 1050 211 1102 erit
242 1044 423 1122 auspicium'
451 1061 515 1120 eqs.
544 1073 586 1083 -
620 1049 651 1099 et
676 1039 755 1101 baec
781 1041 906 1122 quidem
935 1042 974 1102 de
1004 1043 1071 1122 ipso

96 1128 253 1206 Aurispae
281 1126 460 1204 exemplari.
504 1126 538 1183 in
567 1124 723 1184 codicibus
752 1134 854 1186 autem
882 1146 920 1186 ex
944 1145 980 1185 eo
1004 1147 1073 1207 pro-

97 1211 187 1270 fectis
210 1209 287 1270 illud
311 1209 475 1271 obseruare
497 1209 583 1282 licet,
608 1230 675 1269 cum
696 1211 860 1270 remotiore
883 1229 1007 1291 quoque
1030 1210 1073 1271 al-

97 1295 226 1354 finitatis
248 1295 346 1372 gradu
361 1293 452 1352 latius
468 1296 634 1372 propagari
657 1302 688 1352 et
703 1296 909 1374 corruptelam
931 1305 963 1354 et
977 1297 1072 1355 inter·

98 1379 299 1457 polationem.
327 1377 412 1438 baud
434 1399 502 1437 raro
526 1379 609 1436 enim
630 1379 663 1437 in
678 1377 703 1437 B
718 1377 739 1439 0
754 1379 782 1440 V
803 1389 918 1438 rectam
936 1380 1074 1459 aliquam

97 1463 265 1522 lectionem
287 1463 471 1535 inuenimus,
496 1481 587 1541 quam
607 1471 710 1521 tamen
724 1462 805 1523 Italo
829 1464 986 1523 nesciocui
1010 1484 1074 1524 cor-

98 1547 209 1607 rectori
233 1546 340 1606 deberi
368 1548 565 1606 consentiens
588 1546 735 1606 librorum
756 1545 785 1605 A
807 1557 837 1607 et
858 1546 898 1607 W
919 1549 1074 1627 scriptura

98 1633 291 1711 apertissime
319 1631 419 1691 docet.
468 1651 580 1710 nempe
607 1630 791 1708 ubicumque
819 1630 866 1704 W,
906 1633 959 1712 qui
986 1653 1073 1692 nune

99 1716 223 1794 quidem
246 1717 360 1795 optime
379 1716 532 1795 Aurispae
556 1714 712 1793 exemplar
733 1714 822 1775 nobis
845 1726 1072 1795 repraesentat,

99 1820 167 1860 cum
188 1799 216 1859 A
238 1802 402 1871 consentit,
425 1798 458 1857 11
480 1819 603 1878 quoque
625 1800 669 1858 ita
689 1800 803 1876 legisse
826 1800 905 1860 ultro
928 1809 1071 1880 apparet.
1107 1858 1110 1871 ,

98 1882 150 1941 ubi
174 1890 276 1942 autem
296 1882 337 1944 W
358 1901 425 1940 cum
446 1881 471 1941 B
493 1880 514 1942 0
535 1882 562 1943 V
590 1883 634 1939 ita
661 1885 815 1942 consentit
843 1893 877 1944 ut
903 1886 968 1944 eius
997 1888 1073 1945 sori·
1106 1888 1110 1951 ἐ

99 1975 190 2045 ptura
213 1987 231 2024 a
251 1976 421 2026 correctore
443 1967 483 2024 sit
505 1966 661 2039 restituta,
686 1964 713 2024 Δ
734 1967 833 2041 solus,
858 1979 891 2027 ut
915 1989 1001 2028 nunc
1023 1988 1073 2030 res
1106 1978 1110 2023 ι’

100 2059 155 2123 est,
180 2051 342 2130 archetypi
364 2051 545 2129 scripturam
567 2049 657 2109 nobis
679 2052 811 2111 reddere
833 2054 990 2131 putandus
1014 2062 1080 2121 est.¹
1108 2094 1110 2117 ἱ

98 2135 198 2193 ueluti
219 2134 285 2193 XII
308 2137 326 2193 3
356 2134 457 2213 ‘quasi
479 2136 647 2214 praeterita
674 2137 737 2194 sint
760 2136 943 2211 oblitterata,
965 2139 992 2196 si
1019 2137 1073 2198 de·
1107 2138 1110 2193 ἐ

98 2219 194 2279 sinas’
217 2227 386 2278 extremum
407 2217 590 2278 uocabulum
612 2240 676 2279 non
692 2219 797 2280 dubito
821 2223 895 2299 quin
918 2223 951 2280 in
967 2221 992 2281 B
1008 2221 1073 2283 GV

100 2324 139 2364 ex
160 2303 233 2362 Itali
260 2303 418 2363 cuiusdam
446 2305 622 2364 coniectura
647 2305 688 2364 sit
714 2306 905 2364 restitutum:
939 2326 1014 2365 narn
1040 2306 1073 2366 id

100 2388 182 2467 quod
198 2387 225 2447 A
243 2386 340 2461 ¹babet
363 2387 553 2449 ‘desideras’
569 2386 735 2468 Aurispam
758 2408 881 2468 quoque
904 2409 942 2449 ex
964 2389 997 2448 11
1022 2391 1074 2450 de·
1107 2392 1110 2469 J

100 2474 259 2550 scripsisse
277 2493 385 2533 rasura
400 2473 530 2533 duarum
542 2473 714 2533 litterarum
735 2475 818 2533 Inter
833 2474 925 2533 ‘desi'
942 2483 973 2533 et
989 2474 1071 2534 ‘nas'

100 2558 134 2615 in
160 2554 200 2615 W
229 2557 426 2617 demonstrat.
459 2588 498 2598 -
532 2556 588 2615 scd
615 2567 649 2616 ut
677 2558 771 2635 plane
801 2567 951 2635 appareat
979 2577 1071 2637 quam

100 2641 195 2715 longe
217 2640 249 2696 in
274 2638 431 2698 codicibus
450 2639 577 2711 Italicis,
601 2641 732 2698 maxime
753 2639 863 2715 Bev,
887 2643 1074 2720 processerit

8 2784 16 2789 ,
101 2722 300 2802 interpolatio
325 2719 521 2801 (quamquam
541 2723 637 2800 longe
653 2723 776 2782 diuersa
797 2725 852 2784 illa
874 2727 913 2785 ab
931 2746 968 2785 ea
992 2746 1072 2805 quae

101 2810 135 2867 in
149 2806 189 2867 W
205 2805 361 2885 optinuit),
386 2807 511 2866 afferam
530 2807 671 2885 exempla
694 2828 732 2866 ex
747 2810 939 2888 corruptelae
956 2829 1073 2887 genere
1099 2804 1104 2809 ¹

104 2911 140 2951 eo
166 2890 250 2970 quod
275 2890 514 2970 dittographiam
540 2911 653 2952 uocare
680 2895 895 2953 consueuimus
918 2904 1072 2973 prompta.

102 2978 246 3034 nimirum
275 2976 387 3035 accidit
408 2976 564 3035 interdum
591 2975 679 3034 1an
706 2987 740 3036 ut
761 2978 901 3038 librarius
928 2979 1074 3038 uoculam

103 3061 237 3138 aliquam
260 3062 426 3134 omitteret,
457 3060 572 3120 deinde
595 3079 698 3121 errore
720 3060 934 3122 animaduerso
957 3065 1002 3121 ita
1025 3083 1073 3124 re·

102 3154 233 3225 poneret
254 3148 290 3203 ut
307 3154 411 3204 tamen
433 3143 465 3203 id
481 3144 564 3224 quod
585 3146 647 3205 iam
662 3144 867 3225 descripserat
888 3146 1074 3208 uocabulum

103 3230 296 3309 subsequens
320 3250 383 3289 non
407 3238 608 3309 expungeret,
633 3229 689 3291 sed
711 3239 781 3311 post
802 3232 970 3310 repositum
993 3232 1074 3292 illud

103 3315 212 3372 iterum
234 3322 397 3393 repeteret.
423 3313 512 3374 huius
535 3315 640 3374 mendi
659 3316 800 3395 exempla
821 3316 943 3392 integra
965 3335 1073 3377 omnes

104 3400 163 3457 mei
186 3397 307 3458 codices
330 3398 481 3477 praebent
502 3398 595 3459 haec:
633 3420 663 3478 p.
687 3401 741 3473 48,
767 3403 783 3458 l
808 3401 852 3459 ‘in
874 3409 921 3472 te,
946 3399 1072 3474 Caesar,

104 3482 281 3542 muneribus
304 3483 443 3543 omnibus
465 3485 525 3543 tuis
549 3484 689 3545 omnibus
712 3487 866 3562 comparo’
890 3493 973 3563 etp.
1000 3486 1074 3559 101,
