2406 4012
134 187 194 251 198
454 186 504 237 ΙΧ.
533 185 681 237 INGERTI
698 185 779 237 PAN.

132 360 200 401 non
227 337 360 417 insulto,
397 336 452 400 sed
481 334 581 399 doleo.
629 333 882 400 Constantinum
908 310 1144 436 tutantem.⁴

133 422 300 507 sanguinis
316 421 448 485 fundere
469 419 612 504 coegisti,
637 419 699 503 cui,
721 420 796 503 quia
811 418 950 483 salutem
965 421 1102 483 uestram
1139 438 1144 477 ι

134 530 153 570 a
175 507 267 570 uobis
295 507 467 588 impetrare
495 526 561 568 non
583 504 690 583 licuit,
719 525 822 587 paene
848 503 1016 587 displicuit
1037 504 1102 587 ipsa
1137 482 1144 581 l

133 591 277 655 uictoria.
322 593 355 653 at
379 612 445 653 non
467 589 693 653 Taurinatibus
720 609 825 672 neque
851 588 971 653 ceteris
992 588 1102 652 Italiae
1133 588 1144 639 ’ἓ

107 675 318 740 sciuitatibus
340 674 424 737 idem
447 674 574 738 animus
595 673 669 754 fuit,
693 673 749 758 qui
770 678 813 752 te,
837 673 1025 756 imperator,
1054 694 1101 736 ex·
1137 680 1144 723 ἑ

133 760 273 823 ultantes
295 758 413 844 gaudio
441 760 588 822 certatim
616 758 656 821 ad
679 779 713 822 se
735 761 943 822 uocauerunt.
989 756 1100 821 missae
1142 760 1144 767 '

134 845 174 907 ab
190 844 338 907 omnibus
355 843 543 928 legationes,
568 841 666 906 oblati
681 843 822 926 undique
840 844 1049 924 commeatus,
1068 843 1101 905 ut

134 934 305 1013 appareret
324 928 474 1011 quamdiu
490 927 722 991 desiderassent
745 927 797 991 cni
820 948 853 990 se
875 927 941 991 iam
956 930 1100 1010 prompte

133 1014 218 1077 bello
241 1012 344 1077 adhuc
366 1016 508 1076 restante
530 1012 777 1076 committerent.
806 1011 861 1096 qui
878 1010 943 1074 fuit
964 1010 1032 1074 dies
1051 1010 1100 1073 ille

96 1117 121 1155 10
134 1120 196 1181 quo
215 1098 432 1161 Mediolanum
454 1097 618 1180 ingressus
640 1098 692 1161 cs!
714 1117 796 1178 quae
817 1095 996 1180 gratulatio
1019 1094 1100 1178 prin·

134 1184 241 1266 cipum
265 1182 420 1245 ciuitatis!
455 1183 509 1264 qui
531 1181 663 1264 plausus
685 1181 813 1264 populi!
847 1201 928 1263 quae
951 1179 1100 1243 securitas

133 1266 328 1329 intuentium
355 1270 388 1328 te
416 1270 569 1348 matrum,
598 1270 630 1329 te
658 1265 837 1350 uirginum!
875 1285 958 1347 quae
987 1262 1101 1346 duplici
1132 1287 1135 1295 ·

133 1349 241 1413 fructu
261 1350 466 1433 fruebantur,
491 1371 563 1414 cum
586 1348 793 1432 pulcherrimi
815 1348 1022 1432 imperatoris
1042 1347 1100 1411 for·

134 1456 219 1498 mam
241 1434 390 1498 uiderent
412 1438 444 1497 et
465 1434 627 1498 licentiam
649 1455 715 1498 non
735 1435 899 1497 timerent.
943 1435 1101 1496 ostentare

97 1535 122 1576 15
135 1541 169 1584 se
196 1540 306 1583 omnes
335 1523 369 1582 et
395 1520 571 1603 tripudiare
600 1520 670 1583 sine
697 1519 762 1582 ullo
792 1518 830 1581 de
857 1517 1003 1600 reliquiis
1030 1516 1101 1580 belli

134 1607 223 1669 metu
245 1607 277 1668 et
292 1604 470 1689 auspicium
492 1605 644 1668 uictoriae
658 1606 732 1667 tuae
753 1624 812 1687 pro
828 1602 1102 1666 consummatione

134 1690 365 1754 metiebantur:
402 1711 470 1753 non
492 1688 722 1772 Transpadana
743 1686 912 1772 prouincia
934 1685 1103 1750 uidebatur

135 1778 278 1857 recepta,
308 1775 362 1838 sed
384 1773 497 1838 Roma.
543 1773 613 1857 quis
636 1773 721 1836 enim
750 1772 891 1837 crederet
912 1771 1016 1834 tantis
1039 1790 1102 1834 suo

137 1858 278 1921 cessibus
311 1859 375 1921 tuis
412 1858 513 1921 ullum
546 1856 747 1921 obstaculum
780 1857 864 1937 fore,
901 1876 966 1938 quo
1000 1854 1103 1919 minus

97 1959 123 1997 20
137 1963 246 2004 omnes
275 1943 431 2005 exercitus
460 1963 493 2004 se
516 1942 704 2005 clementiae
726 1946 799 2004 tuae
821 1939 1004 2021 traderent,
1035 1959 1104 2003 cum

135 2024 265 2087 uirtutis
288 2026 541 2106 experimentum
562 2025 751 2089 nouissent?
780 2046 887 2088 muros
911 2024 943 2087 ui
967 2044 1104 2107 ceperas,

136 2111 205 2173 acie
226 2108 336 2192 palam
364 2110 505 2173 uiceras:
543 2109 613 2192 quis
635 2112 701 2173 tam
724 2111 853 2174 demens
877 2108 1050 2171 uidebatur
1072 2112 1105 2169 ut

136 2199 191 2259 aut
213 2193 351 2258 obsideri
374 2193 505 2258 auderet
527 2197 583 2257 aut
605 2194 781 2278 congredi?
819 2193 1012 2276 praesertim
1036 2213 1105 2256 cum

136 2284 173 2344 tu
195 2279 262 2344 dies
291 2279 413 2363 aliquot
434 2278 611 2343 Mediolani
631 2279 785 2342 resistens
808 2282 934 2361 tempus
957 2277 1105 2341 omnibus

99 2378 124 2419 25
139 2366 199 2430 sibi
223 2365 411 2430 consulendi
434 2365 572 2429 dedisses
595 2366 630 2427 ut
652 2364 691 2426 de
712 2366 745 2427 te
768 2364 945 2446 sperarent.

201 2450 291 2514 VIII.
337 2449 400 2515 Sed
428 2451 513 2514 enim
542 2469 730 2514 aerumnosa
757 2447 814 2510 illa
842 2448 874 2509 et
895 2446 960 2508 iam
1007 2445 1106 2509 ridem

136 2535 270 2619 perdita,
286 2538 393 2598 aetate
403 2539 514 2599 nostra
526 2535 613 2599 ciuili
624 2532 781 2617 sanguine
796 2530 966 2608 maculata,
1013 2550 1108 2593 crona

137 2620 276 2681 maximo
298 2618 441 2681 hostiurn
463 2619 604 2683 exercitu
626 2618 810 2697 tenebatur,
834 2614 1000 2679 acerrimis
1024 2614 1108 2679 duci·

137 2702 196 2762 bus
223 2700 543 2784 pertinacissimoque
570 2703 750 2784 praefecte,
781 2699 904 2765 scilicet
930 2703 982 2782 nt,
1034 2720 1107 2763 uam

99 2799 125 2838 30
139 2783 298 2847 coloniam
321 2781 380 2847 On.
404 2783 575 2867 Pompeius
601 2785 770 2870 aliquando
793 2785 983 2866 deduxerat,
1012 2721 1107 2848 lom-

205 2973 220 3022 8
240 2971 293 3021 iam
311 2987 373 3036 epo:
393 2974 476 3023 etlam
493 2974 520 3021 n
537 2976 593 3023 tam
612 2977 670 3026 edd.
685 2972 696 3037 ΙΙ
714 2977 745 3024 10
764 2990 794 3024 es
811 2987 850 3023 w:
869 2989 915 3025 cnr.
935 2973 963 3019 Η
974 2969 985 3034 ΙΙ
1004 2973 1037 3023 12
1055 2972 1109 3020 uir·

137 3040 231 3104 ginum
250 3054 319 3104 qnae
330 3042 478 3091 Liuineius:
496 3041 689 3105 uirginumque
703 3041 779 3092 Bert.
797 3041 936 3105 uirginum
955 3053 1064 3104 queque
1082 3038 1109 3084 Ι

138 3110 287 3174 (uirginum
306 3123 389 3172 quam
407 3108 434 3172 0)
453 3114 570 3159 matrum
586 3110 787 3174 uirginumque.
812 3124 881 3173 quae
899 3108 958 3157 edd.
972 3104 983 3169 ll
998 3108 1031 3158 15
1048 3104 1109 3155 reli-

140 3178 211 3240 quiis
229 3177 304 3227 Bert.
322 3190 360 3225 w:
378 3176 490 3240 reliquis
508 3179 536 3224 Μ
556 3174 565 3240 ΙΙ
591 3178 622 3225 19
640 3177 695 3226 tuis
712 3183 772 3239 post
790 3190 911 3226 success.
929 3174 953 3221 A
970 3174 1004 3221 W
1022 3174 1108 3229 Bert,

138 3251 198 3307 post
217 3245 275 3295 fore
292 3252 390 3307 ponunt
408 3245 428 3291 B
447 3246 464 3292 c
482 3245 504 3291 V
520 3241 530 3308 ΙΙ
548 3247 581 3294 ‘23
601 3259 661 3293 cnm
679 3248 710 3293 tu
727 3245 813 3291 ΒΗ
824 3258 860 3291 w:
878 3247 910 3291 tu
928 3257 991 3291 curn
1007 3242 1032 3289 A
1048 3238 1058 3305 ΙΙ
1076 3242 1109 3289 ‘24

139 3315 263 3363 omnibus
282 3312 337 3362 sibi
356 3312 448 3375 Cusp:
471 3312 526 3362 sibi
544 3311 669 3362 omnibus
687 3312 715 3358 Η
737 3309 747 3376 ΙΙ
769 3314 801 3361 ‘25
821 3311 945 3359 dedisses
962 3321 999 3357 w:
1018 3307 1108 3359 dedis-

140 3382 184 3428 set
200 3380 227 3426 Π
245 3381 249 3442 Ι
266 3382 409 3443 sperarent
427 3380 499 3427 edd:
519 3394 629 3444 sperare
646 3381 674 3426 Μ
693 3378 827 3443 (speraret
844 3379 871 3437 0)
888 3377 986 3426 liceret
1003 3377 1065 3427 add.
1084 3388 1109 3424 w

141 3440 153 3507 Η
173 3447 206 3493 26
224 3452 251 3494 et
269 3448 324 3495 iam
342 3447 433 3496 Besa:
451 3446 535 3495 etiam
552 3448 580 3495 H
599 3446 639 3508 (et
653 3444 680 3507 0)
697 3445 701 3499 l
716 3445 802 3510 pridie
813 3445 836 3494 Δ
848 3442 858 3509 ΙΙ
871 3447 902 3494 2⁷
920 3443 1029 3507 perdita
1046 3458 1109 3507 epo:

140 3510 274 3560 meditaA
292 3513 380 3563 media
392 3514 412 3560 B
425 3514 441 3561 0
455 3515 477 3560 V
489 3515 522 3561 W
537 3513 542 3578 Ι
558 3512 640 3564 ciuile
652 3515 674 3561 A
686 3510 696 3577 ΙΙ
709 3515 741 3563 ‘29
761 3528 812 3576 que
831 3528 878 3563 om.
890 3508 945 3575 Wll
957 3514 992 3563 30
1010 3511 1063 3563 Gn.
1081 3511 1110 3557 1
