2406 4012
296 94 508 168 rnnonosro
526 115 696 168 aususro
714 117 749 167 n.
772 119 881 169 anuas.
1007 116 1069 180 293

97 266 204 332 minui
220 287 314 349 quam
329 265 470 329 tristium
493 266 731 329 enumeratione
747 266 918 330 cumulari:
940 287 1069 331 necesse

97 373 153 416 me
176 351 237 414 erit
259 349 310 414 uel
324 352 485 413 tacentem
500 350 628 433 publica
649 351 850 414 incommoda
872 350 924 414 uel
940 350 1069 434 loquen-

97 441 169 500 tem
192 438 247 498 aut
268 434 431 518 ingratum
453 435 564 497 uirtuti
587 437 642 498 aut
663 456 831 499 onerosum
854 457 922 499 esse
944 436 1068 517 pietati.

100 521 159 585 sed
174 523 291 603 tamen,
313 519 495 601 imperator,
519 519 667 602 exiguam
690 520 833 584 sensibus
849 521 913 583 tuis
936 520 1070 604 iniunge

99 604 302 689 patientiam.
346 625 422 666 nam
445 603 471 666 si
494 603 595 667 dulcis
623 603 773 668 inbonis
801 604 999 669 miseriarum
1022 624 1095 668 res

100 689 246 754 cordatio
259 690 315 772 est,
332 688 359 751 si
369 689 484 751 nautas
495 690 732 770 tempestatum,
748 689 776 751 si
792 689 964 753 medicatos
979 689 1071 752 iuuat

100 773 286 839 meminisse
308 773 505 836 morborum:
537 793 592 836 cur
614 793 679 836 non
703 775 738 835 tu
761 794 885 856 quoque
908 773 992 837 mala
1013 794 1070 837 no·

100 863 170 923 stra
185 857 293 922 audias
315 861 351 921 ut
365 860 421 920 tua
436 857 592 921 beneficia
613 858 849 940 recognoscas?
872 859 956 921 unde
971 858 1071 940 igitur

101 942 210 1009 ordiar
238 942 301 1005 nisi
329 942 367 1006 de
395 942 475 1025 tuis,
510 964 581 1005 mea
610 941 730 1024 Gallia,
762 941 878 1005 malis?
923 962 1002 1024 quae
1031 963 1070 1004 ex

101 1026 251 1092 omnibus
272 1026 380 1107 terris,
410 1047 488 1109 quas
510 1027 566 1089 illa
588 1027 689 1109 pestis
711 1027 889 1108 insederat,
922 1026 1001 1089 haut
1022 1027 1069 1088 in·
1084 1046 1109 1085 ιο

100 1113 185 1176 iuria
196 1111 257 1175 tibi
271 1111 415 1175 uindioas
426 1110 631 1195 priuilegium
647 1111 846 1175 miseriarum
861 1131 928 1173 non
941 1110 1070 1174 auribus

101 1196 212 1277 mod0,
241 1217 375 1279 quarum
403 1217 514 1261 sensus
543 1199 591 1260 est
613 1197 729 1279 leuior,
760 1196 815 1260 sed
839 1217 944 1260 coram
970 1195 1071 1259 oculis

102 1281 187 1344 ferre
203 1280 368 1362 compulsa
384 1281 549 1344 uictoriam
565 1280 707 1363 Maximi,
730 1281 896 1345 interitum
912 1280 1070 1344 Gratiani.

104 1364 169 1429 alta
203 1365 279 1429 licet
311 1365 456 1446 uulnera,
494 1366 577 1448 quod
604 1366 772 1429 fatendum
805 1369 870 1447 est,
909 1365 1070 1447 proximus

103 1448 197 1513 nobis
212 1448 313 1513 Italus
337 1452 369 1513 et
391 1449 562 1533 contiguus
585 1450 734 1513 ostendat
755 1449 934 1532 Hispanus:
959 1449 1014 1511 sed
1035 1449 1071 1510 in
1084 1467 1109 1507 15

105 1534 211 1598 dolore
233 1554 357 1597 summo
380 1533 477 1597 habet
498 1555 590 1596 suum
612 1537 743 1616 uterque
767 1532 924 1596 solatium.
964 1535 1072 1614 tyran-

103 1618 212 1682 nidem
234 1617 288 1681 ille
312 1639 378 1681 non
400 1618 496 1701 uidit3
530 1617 582 1681 hio
605 1616 855 1700 tyrannicidium
877 1615 966 1680 uidit.
1010 1637 1071 1679 nos

102 1703 199 1786 primi
223 1702 378 1785 impetum
401 1702 513 1766 beluae
534 1702 670 1765 furentis
698 1702 894 1785 excepimus,
922 1722 982 1764 nos
1005 1722 1071 1764 sae-

103 1787 217 1850 uitiam
246 1788 312 1850 eius
334 1787 554 1851 innocentium
582 1787 753 1870 sanguine,
781 1808 839 1850 nos
863 1785 1072 1868 cupiditatem

103 1871 233 1954 publica
251 1873 440 2017 paupertate
462 1871 659 1936 satiauimus
688 1875 765 1955 aput
783 1893 841 1934 nos
865 1875 966 1934 semet
985 1892 1071 1934 exer·
1085 1888 1110 1927 20

105 1955 171 2019 cuit
194 1976 248 2019 cru
273 1955 365 2019 elitas
391 1955 456 2018 iam
479 1977 590 2020 secura
618 1959 650 2019 et
672 1956 775 2020 adhuc
801 1957 895 2038 inops
924 1956 1071 2019 auaritia.

106 2039 182 2102 alibi
211 2039 330 2103 malum
357 2040 519 2122 publicum
554 2044 610 2104 aut
638 2041 742 2124 coepit
769 2044 825 2104 aut
853 2040 994 2103 destitit:
1038 2040 1072 2102 in

106 2123 213 2188 Gallia
235 2124 327 2188 sedit.

168 2206 274 2273 XXV.
319 2207 397 2283 Quis
420 2230 454 2272 se
475 2208 569 2272 nobis
592 2208 773 2271 calamitate
796 2205 990 2270 contulerit?
1024 2209 1072 2289 ty-

105 2314 243 2357 rannum
271 2295 304 2357 et
326 2314 398 2356 cum
420 2293 492 2356 aliis
514 2291 645 2356 tulimus
675 2294 706 2355 et
728 2291 799 2355 soli.
845 2290 920 2374 quid
942 2311 1002 2374 ego
1024 2313 1071 2354 re·
1086 2307 1111 2348 as

103 2377 207 2441 feram
230 2382 381 2441 uacuatos
406 2376 620 2459 municipibus
643 2377 707 2439 suis
731 2375 893 2456 ciuitateS,
925 2375 1073 2458 impletas

104 2461 252 2545 fugitiuis
283 2462 443 2525 nobilibus
474 2460 685 2525 solitudines?
730 2461 805 2543 quid
833 2460 1073 2542 perfunctorum

106 2545 281 2610 honoribus
314 2548 444 2610 summis
478 2545 619 2608 uirorum
647 2546 730 2609 bona
757 2545 934 2628 publicata,
968 2546 1074 2628 capita

107 2629 277 2713 diminuta,
299 2631 400 2693 uitam
423 2652 496 2695 aere
518 2630 682 2694 taxatam?
711 2630 850 2695 uidimus
872 2630 1017 2695 redactas
1039 2630 1073 2692 in

106 2735 274 2778 numerum
296 2715 472 2799 dignitates
500 2718 532 2778 et
554 2718 667 2780 exutos
689 2716 809 2780 trabeis
836 2716 1019 2780 consulares
1042 2716 1073 2777 et
1087 2730 1113 2771 ao

106 2820 198 2863 senes
226 2799 425 2863 fortunarum
454 2800 640 2882 superstites
669 2804 702 2864 et
728 2800 887 2864 infantum
915 2800 975 2862 sub
1002 2799 1073 2882 ipso

106 2886 228 2947 sectore
250 2884 429 2947 ludentium
451 2883 589 2948 flendam
612 2884 825 2963 securitatem,
851 2904 922 2946 oum
944 2883 1073 2946 interim

106 2967 214 3033 miseri
237 2967 426 3032 uetabamur
448 2988 543 3051 agere
565 2968 713 3048 miseros,
743 2967 840 3029 immo
863 2965 960 3028 etiam
983 2986 1074 3050 eoge-

104 3141 308 3149 ------

173 3242 250 3290 2me
269 3241 323 3291 erit
341 3242 363 3289 Δ
381 3239 471 3291 Bert:
499 3241 550 3290 erit
569 3256 611 3289 me
629 3241 649 3289 B
667 3243 685 3289 0
704 3242 731 3304 V,
759 3256 804 3290 om.
824 3238 856 3286 W
885 3235 895 3301 ΙΙ
926 3240 941 3287 3
963 3234 1072 3303 uirtuti]

105 3309 255 3374 ueritatis
280 3306 290 3373 ΙΙ
320 3309 403 3359 4sed
421 3311 518 3359 tumA
541 3307 552 3373 ΙΙ
581 3308 766 3359 ssmedicatos
783 3307 890 3368 scripsi:
909 3304 1029 3354 medicos
1047 3307 1074 3352 Π

104 3372 113 3425 l
140 3373 271 3441 8igitur]
293 3391 358 3441 ergo
376 3377 409 3424 W
433 3374 442 3440 l
473 3379 505 3426 16
524 3372 639 3442 summo]
659 3391 707 3426 suo
727 3377 743 3424 ὓ
767 3372 777 3438 ΙΙ
801 3376 833 3423 25
852 3371 916 3437 quid
934 3370 1039 3437 ergoA
1065 3369 1074 3437 {l

104 3444 138 3493 29
157 3458 217 3494 acre
236 3445 253 3492 ὓ
278 3442 288 3508 ll
312 3446 343 3495 31
363 3444 512 3495 infantium
530 3445 550 3493 B
567 3445 590 3492 V
610 3441 623 3509 ll
647 3446 679 3494 33
699 3439 794 3508 agere]
815 3443 941 3506 plangere
957 3455 982 3488 w
