2406 4012
1124 39 1193 233 *l

181 357 373 439 cogerentur
401 357 434 418 et
461 375 533 418 cum
561 354 753 437 coniugibus
779 375 817 418 ac
842 353 952 419 liberis
979 357 1147 439 ceteroque

184 186 252 267 138'
507 209 540 260 v,
571 204 721 257 monam
737 205 818 257 ran.

182 440 329 503 examine
356 438 626 503 necessitudinum
655 459 691 502 nc
719 459 826 503 rerum
852 459 982 503 suarum
1011 439 1053 505 ad
1079 438 1148 505 loen

181 524 261 587 olirn
282 525 407 588 deserta
426 523 602 586 transirent
621 526 674 605 ut,
702 545 783 606 quae
804 523 941 589 fortasse
962 523 1027 607 ipsi
1050 544 1149 607 qnon-

182 606 505 755 damddepraedando
534 610 756 690 uastauerant,
786 607 872 671 culta
893 606 1067 673 redderent
1087 629 1148 673 ser·

155 712 306 756 aniene.

244 774 302 839 IX.
346 775 423 850 ouis
445 775 507 839 hoc
529 795 680 858 umquam
701 775 861 857 futurum,
891 775 1021 841 etiamsi
1044 797 1149 843 coram

180 860 336 924 uoluisset
363 859 469 943 affari,
499 858 575 923 deus
598 862 673 922 ante
695 880 753 923 uos
774 860 936 943 principes
956 861 1148 943 persuadere

180 944 338 1027 potuisset
359 945 444 1028 quod
465 966 552 1008 nuno
574 943 711 1007 uidimus
734 944 766 1007 et
787 944 948 1008 uidemus:
977 945 1057 1009 totis
1079 966 1149 1029 por-

181 1029 297 1093 ticibus
321 1029 488 1093 ciuitatum
502 1028 612 1092 sedere
634 1029 762 1110 captiua
782 1029 912 1112 agmina
926 1028 1148 1111 barbarorum,

144 1137 168 1176 10
182 1114 269 1176 uiros
292 1114 431 1177 attonita
452 1113 579 1177 feritate
601 1112 807 1195 trepidantes,
831 1112 1048 1195 despicientes
1070 1135 1149 1178 anus

182 1197 346 1280 ignauiam
363 1197 512 1279 filiorum,
536 1200 654 1280 nuptas
672 1196 869 1279 maritorum,
891 1196 1032 1261 uinculis
1056 1218 1148 1281 oopu-

181 1281 265 1343 latos
286 1301 400 1362 pueros
424 1302 460 1344 ac
482 1281 605 1363 puellas
627 1280 780 1344 familiari
801 1301 962 1344 murmure
982 1281 1150 1347 blandien-

181 1366 230 1427 tes
252 1366 346 1446 atque
367 1364 426 1427 hos
449 1386 558 1428 omnes
580 1365 834 1448 prouincialibus
857 1364 974 1429 uestris
996 1365 1038 1431 ad
1060 1366 1148 1430 obse

182 1449 292 1531 quium
320 1448 520 1531 distributos,
552 1449 653 1513 donec
680 1448 727 1532 ad,
749 1449 927 1514 destinatos
954 1449 1016 1513 ribi
1045 1449 1149 1514 cultus

143 1555 169 1597 15
182 1532 390 1597 solitudinum
412 1534 612 1597 ducerentur.
657 1532 811 1598 insultare
832 1533 962 1598 hercule
985 1534 1150 1599 communi

183 1617 360 1683 Galliarum
382 1618 512 1682 nomine
533 1618 614 1682 libet
634 1623 674 1697 et,
700 1618 785 1701 quod
803 1640 883 1701 pace
906 1621 1014 1683 uestra
1028 1618 1148 1702 loquar,

181 1702 260 1787 ipsis
273 1703 470 1787 triumphum
490 1703 551 1767 assi
578 1723 655 1767 nare
670 1703 853 1785 prouinciis.
877 1706 950 1768 arat
968 1723 1047 1786 ergo
1062 1724 1148 1767 nunc

181 1787 261 1850 mihi
283 1786 464 1851 Chamauus
492 1792 525 1851 et
593 1786 668 1850 'sius
697 1789 731 1850 et
751 1786 806 1851 ille
833 1808 951 1872 uagus,
982 1787 1038 1852 ille
1060 1808 1150 1871 prae·

182 1871 274 1933 dator
296 1872 444 1935 exercitio
460 1871 621 1954 squalidus
642 1871 725 1934 ruris
747 1875 895 1954 operatur
918 1874 951 1935 et
964 1871 1151 1956 frequentat

142 1977 168 2016 ao
181 1952 342 2016 nundinas
364 1976 450 2050 meas
464 1975 578 2051 pecore
596 1954 703 2050 uenali
726 1958 758 2019 et
773 1957 875 2021 cultor
888 1956 1044 2020 barbarus
1059 1958 1151 2021 taxat

181 2057 352 2185 ppprppapp
373 2038 1085 2209 oliddlqluiidlatldriddra‘dtdlldrcgdmcdlieoreddllir
1097 2062 1150 2189 aecl

181 2205 299 2269 seruire
322 2227 356 2270 se
378 2206 511 2270 militiae
533 2207 663 2271 nomine
686 2209 875 2290 gratulatur.
919 2207 995 2292 quid
1016 2208 1148 2292 faciam,

181 2289 323 2355 Caesar?
367 2292 512 2375 ignosce,
546 2293 573 2355 si
602 2312 724 2377 moror,
762 2293 909 2377 ignosce,
941 2293 1154 2377 siproperor·

141 2395 167 2435 aa
181 2375 281 2440 multa
310 2376 394 2441 enim
423 2376 509 2441 illius
535 2375 704 2461 temporis,
737 2397 799 2460 quo
826 2377 984 2441 transitus
1011 2377 1047 2441 in
1078 2376 1149 2441 Bri·

179 2462 325 2525 tanniam
336 2463 519 2545 parabatur,
536 2460 737 2526 admirabilia
751 2461 906 2526 uirtutum
917 2466 1047 2527 tuarum
1060 2461 1149 2526 facta

179 2549 359 2628 praetere0,
385 2547 459 2610 dum
481 2547 598 2611 festino
620 2545 753 2628 cupidus
776 2546 816 2609 ad
837 2546 1035 2630 singularem
1059 2546 1149 2610 illam

179 2629 357 2710 uictoriam,
382 2652 445 2710 qua
467 2629 618 2694 uniuersa
639 2630 834 2712 respublica
855 2631 984 2695 tandem
1007 2632 1059 2694 est
1080 2630 1149 2694 uin·

180 2710 294 2772 dicata.
340 2712 428 2774 cuius
451 2713 658 2795 magnitudo,
686 2714 805 2778 Caesar
826 2715 962 2798 inuicte,
990 2714 1148 2779 hactenus

141 2812 167 2854 eo
181 2792 391 2875 explicabitur
416 2797 453 2858 ut
474 2796 562 2878 prius
584 2796 688 2861 dicam
713 2819 808 2881 quam
831 2799 1046 2864 necessarium
1068 2798 1149 2864 illud

227 2916 381 2924 ———-

248 2979 420 3049 texamine]
441 2984 549 3049 agmine
568 2998 593 3034 w
613 2982 623 3050 11
647 2986 816 3038 inoluisset
834 3001 870 3036 w:
890 2987 1019 3037 uoluistis
1039 2991 1069 3036 et
1085 2986 1113 3033 Ι
1133 2984 1145 3047 L!

181 3050 212 3100 10
230 3051 413 3115 respicientes
430 3053 469 3114 ll,
489 3069 558 3103 corr.
576 3053 786 3117 Eyssenhardtus
802 3053 812 3120 11
829 3057 860 3104 11
880 3056 992 3120 nuptias
1010 3053 1047 3116 dl
1064 3068 1148 3118 copu-

179 3116 251 3168 latos
270 3119 492 3184 Eyssenhardtus:
511 3122 658 3185 copulatas
675 3124 703 3169 Π
725 3121 729 3185 1
747 3122 893 3187 copulatas
912 3121 1032 3172 uinculis
1050 3121 1071 3169 B
1089 3122 1107 3169 c
1126 3121 1148 3167 V

180 3182 193 3251 11
218 3188 249 3235 12
267 3201 432 3237 murmurare
450 3189 473 3236 Δ
493 3184 502 3252 1
529 3190 560 3239 13
578 3189 628 3240 hoc
646 3192 664 3238 0
687 3186 698 3253 11
723 3191 755 3239 15
772 3189 884 3240 hercule
903 3192 978 3240 edd:
996 3188 1147 3239 herculi!

178 3249 308 3317 (herculii
324 3253 367 3318 W)
388 3253 398 3319 11
420 3256 452 3304 16
469 3255 539 3304 libet
558 3261 586 3305 et
603 3258 748 3307 Liuineius:
770 3257 840 3307 libet
857 3260 885 3305 Π
905 3255 915 3322 11
937 3259 969 3307 18
988 3256 1147 3307 Chamauos

177 3321 306 3386 Lanpr'us:
320 3322 457 3372 Chamaus
466 3323 608 3374 AWBert.
623 3324 736 3376 chamus
747 3326 768 3374 B
778 3326 827 3373 cv
844 3322 854 3391 11
872 3326 903 3375 19
918 3322 1062 3389 squalidus
1074 3324 1147 3373 ruris

177 3390 286 3451 scripsi:
299 3390 388 3454 squali
400 3388 587 3443 rudisllBert.
600 3392 734 3442 exercitia
747 3392 869 3456 squalidi
881 3393 950 3442 ruris
960 3404 985 3440 w
997 3389 1008 3458 11
1020 3394 1054 3441 20
1066 3395 1147 3441 taxat

178 3468 239 3532 epp:
257 3455 332 3568 lippet
349 3459 376 3504 Π
400 3455 410 3522 11
434 3460 466 3506 24
484 3456 588 3509 Caesar
605 3458 695 3509 Bora:
717 3458 821 3510 Caesar
840 3464 955 3525 auguste
972 3460 1000 3506 1
1029 3456 1039 3525 11
1069 3460 1103 3509 80
1120 3457 1147 3507 ei

178 3536 254 3584 prrns
