2406 4012
136 210 198 273 140
460 210 492 262 v.
521 208 671 262 mosum
687 207 768 259 rsa.
1110 41 1156 307 W

136 360 253 425 Caesar
281 360 335 425 ille
363 361 474 423 auctor
500 358 598 422 uestri
620 356 760 421 nominis
788 376 861 421 cum
882 354 1101 421 Romanorum
1149 360 1156 439 l

134 444 256 528 primus
279 445 446 525 intrasset,
477 442 575 506 alium
602 463 635 505 se
657 443 767 505 orbem
788 444 947 505 terrarum
975 440 1102 525 scripsit
1150 474 1156 487 ·

134 529 331 613 repperisse,
365 529 474 590 tantae
502 525 734 610 magnitudinis
767 525 941 589 arbitratus
970 528 1009 588 ut
1036 545 1101 588 non
1152 554 1156 565 ⁴

136 612 325 676 circumfusa
357 632 489 694 oceano,
528 610 584 673 sed
613 610 777 693 complexa
810 609 916 693 ipsum
949 629 1100 673 oceanum

110 697 306 760 suideretur.
352 695 515 759 sedenim
543 694 600 758 illa
621 697 725 758 aetate
752 715 814 757 nec
837 693 1008 756 Britannia
1030 692 1104 756 ullis

136 784 206 843 erat
233 779 273 844 ad
301 780 416 844 nauale
438 779 559 843 bellum
586 781 710 843 armata
734 777 875 863 nauigiis
903 780 937 840 et
956 776 1102 841 Romana

135 884 185 927 res
213 864 288 928 inde
317 864 382 928 iam
410 887 430 928 a
457 863 588 927 Punicis
617 862 832 946 Asiaticisque
860 861 969 942 bellis,
1006 860 1102 925 etiam

135 949 257 1013 recenti
279 949 453 1013 exercitata
468 948 607 1012 Piratico
631 950 662 1011 et
680 947 855 1030 posteriore
870 943 1102 1027 Mithridatico,

135 1054 201 1096 non
228 1034 333 1117 magis
360 1033 504 1096 terrestri
531 1053 627 1115 quam
653 1030 762 1095 nauali
788 1052 848 1094 usu
876 1029 1021 1114 uigebat
1064 1030 1103 1093 ad

98 1138 123 1175 10
136 1119 197 1181 hoc
218 1118 307 1181 natio
330 1118 525 1180 etiamtunc
546 1116 634 1180 rudis
656 1118 689 1179 et
709 1115 785 1180 solis
808 1114 984 1201 [Britanni]
1004 1112 1103 1177 Pictis

135 1200 229 1263 modo
251 1204 283 1264 et
298 1200 452 1264 Hibernis
472 1203 599 1264 assueta
618 1199 773 1279 hostibus,
797 1198 901 1262 adhuc
916 1197 1105 1280 seminudis,

135 1283 231 1346 facile
253 1283 407 1347 Romanis
429 1284 526 1347 armis
548 1284 574 1347 si
622 1285 711 1368 isque
734 1283 839 1366 cessit,
863 1303 963 1366 prope
986 1285 1025 1345 ut
1044 1280 1104 1345 hoc

135 1387 200 1430 uno
217 1366 335 1433 ansar
349 1367 480 1451 gloriari
501 1368 536 1431 in
558 1368 615 1431 ila
633 1367 836 1451 expeditione
858 1366 1007 1430 debuerit
1021 1364 1103 1450 quod

134 1451 211 1515 naui
236 1454 321 1515 asset
342 1471 507 1516 oceanum.

97 1554 122 1594 15
247 1535 273 1599 I.
296 1535 364 1599 Isto
385 1557 462 1600 uero
482 1535 606 1600 nefario
621 1534 790 1599 latrocinio
811 1534 949 1599 abducta
964 1534 1104 1618 primum

137 1619 212 1684 afu
237 1620 322 1684 iente
345 1620 449 1703 pirata
471 1620 580 1704 classe,
603 1641 684 1704 quae
706 1619 785 1683 olim
800 1617 921 1683 Gallias
944 1619 1104 1701 tuebatur,

136 1642 374 1788 aedidcatisque
396 1707 560 1788 praeterea
581 1703 727 1788 plurimis
749 1704 784 1767 in
805 1706 951 1767 nostrum
974 1703 1105 1766 modum

135 1788 287 1870 nauibus,
315 1792 469 1885 occupata
497 1790 623 1886 legione
645 1787 806 1884 Romana,
835 1786 1021 1885 interclusis
1049 1786 1105 1850 ali-

97 1872 986 2040 20ittietttttittsmsltttlttr{ibiibi
1001 1871 1105 2039 {tlt

136 2039 278 2121 ipsarum
305 2038 543 2121 prouinciarum
572 2061 638 2104 non
664 2041 877 2105 mediocribus
906 2040 1008 2124 copiis
1033 2040 1105 2103 bar-

136 2122 286 2185 barorum
308 2125 403 2206 atque
418 2122 469 2187 his
484 2124 632 2189 omnibus
655 2125 695 2189 ad
709 2125 821 2189 munia
842 2125 973 2189 nautica
987 2122 1105 2208 flagitii

135 2206 222 2271 illius
238 2210 403 2272 auctorum
420 2208 605 2306 magisterio
622 2209 765 2292 eruditis,
787 2209 979 2273 exercitibus
995 2211 1105 2274 autem

137 2292 252 2356 uestris
275 2291 351 2357 licet
379 2293 508 2358 inuictrs
535 2295 669 2378 uirtute,
698 2296 808 2357 tamen
831 2294 865 2357 in
887 2314 920 2356 re
942 2293 1106 2357 maritima

96 2394 122 2434 2⁵
135 2377 244 2441 nouis:
279 2378 398 2442 malam
428 2379 582 2443 coaluisse
615 2401 653 2443 ex
681 2377 749 2442 indi
774 2377 906 2442 nissimo
933 2377 1105 2441 latrocinio

135 2461 212 2526 belli
243 2463 360 2528 molem
388 2465 601 2547 ponebamus,
638 2463 714 2527 lieet
742 2399 781 2526 de
809 2462 896 2526 exitu
922 2461 1105 2526 fideremus.

134 2567 210 2609 nam
238 2549 271 2610 et
293 2552 472 2611 accesserat
493 2548 645 2611 diutmna
673 2546 800 2610 sceleris
822 2546 999 2630 impunitas
1046 2566 1106 2609 uae

135 2628 375 2770 desperatorum
397 2630 563 2693 hominum
591 2631 719 2694 inflarat
746 2630 926 2714 audaciam,
956 2631 994 2693 ut
1018 2630 1025 2643 '
1053 2650 1105 2694 am

134 2710 187 2772 inc
201 2713 372 2774 ementiam
398 2712 513 2794 maris,
545 2735 625 2795 quae
650 2714 818 2779 uictoriam
845 2716 988 2778 uestram
1009 2712 1106 2778 fatali

97 2811 123 2850 so
136 2791 272 2874 quadam
293 2795 483 2858 necessitate
505 2796 685 2877 distulerat,
709 2820 768 2881 pro
790 2799 839 2863 sui
859 2802 983 2863 terrore
1005 2801 1105 2863 iacta·

135 2946 221 2954 -——
225 2949 239 2953 --
253 2949 320 2956 -..--
324 2951 337 2957 -

203 3050 218 3098 5
236 3049 306 3098 enim
323 3049 358 3099 A:
378 3066 437 3100 cum
456 3052 488 3100 W
507 3068 568 3103 eam
586 3053 639 3101 GV
659 3068 692 3103 ea
709 3055 730 3103 B
754 3051 764 3118 11
787 3055 803 3103 8
822 3053 976 3119 posteriore
994 3056 1105 3119 scripsi:

134 3117 277 3181 propriore
294 3118 322 3164 1
339 3119 466 3183 propiore
484 3119 560 3172 Bere.
579 3121 669 3186 priore
690 3122 821 3172 Liuineius
841 3119 851 3186 ΙΙ
876 3123 907 3171 10
925 3123 1008 3171 etiam
1027 3121 1105 3171 natio

133 3190 199 3233 tnnc
218 3184 291 3234 Bert.
308 3183 312 3250 Ι
327 3186 410 3236 rudes
427 3188 450 3235 Δ
468 3184 626 3254 inteolis
644 3201 682 3237 w:
702 3189 754 3239 soli
772 3186 818 3252 ΠΙ
839 3189 968 3238 Britanni
986 3190 1081 3240 seclusi
1096 3184 1105 3251 ΙΙ

134 3251 165 3300 11
185 3253 291 3303 assueti
309 3262 335 3304 et
352 3252 487 3303 seminudi
505 3268 530 3304 w
542 3253 552 3320 ΙΙ
571 3257 603 3305 12
623 3256 709 3305 cessit
725 3259 834 3319 scripsi:
853 3258 1038 3307 cesserunt!
1073 3257 1105 3305 16

132 3318 230 3369 tuebat
247 3317 393 3384 ABchl
411 3321 443 3370 17
462 3337 514 3387 que
533 3340 579 3373 om.
599 3325 616 3371 0
635 3319 645 3386 ss
662 3326 694 3373 23
713 3324 834 3374 auctoris
853 3322 1048 3389 Bert.·Cusp.l
1071 3325 1105 3373 24

131 3387 233 3436 uestris
250 3388 382 3438 AGVW
400 3385 489 3438 Bert:
508 3391 610 3441 nostris
627 3389 648 3437 B
666 3391 725 3440 edd.
751 3387 761 3454 l
791 3387 953 3455 camalam]
973 3406 1105 3456 magnam

131 3451 278 3507 Acidalius:
305 3472 338 3505 an
357 3458 482 3505 tantam?
514 3455 525 3521 ΙΙ
558 3461 591 3508 26
615 3458 785 3522 pauebamus
802 3460 911 3523 scripsi:
935 3458 1104 3509 audebamus

132 3519 155 3566 A
166 3518 187 3566 B
199 3520 217 3566 0
229 3518 251 3566 V
262 3520 338 3571 Bert.
357 3521 535 3575 audiebamus
554 3526 587 3574 W
604 3526 662 3575 edd.
680 3522 690 3589 ΙΙ
707 3526 739 3574 29
759 3530 881 3575 nostram
899 3526 950 3575 fut.
969 3527 1029 3581 edd.
