2406 4012
1047 39 1146 207 r

130 365 291 450 publicam
319 368 412 428 etex
433 364 573 427 utilitate
601 364 743 427 omnium
765 363 900 445 rexeris,
934 366 1045 428 certus
1068 386 1101 431 es
1144 384 1146 439 ξ

131 452 212 515 bene
233 454 266 514 te
287 472 355 514 rem
375 449 536 532 publicam
558 468 684 531 regere,
708 468 780 512 cum
802 450 942 512 seruent.
987 448 1101 546 itaque

132 557 260 600 securus
288 534 348 597 tibi
376 535 408 597 et
429 532 530 595 laetus
553 533 620 595 dies
645 533 725 616 exit,
753 531 808 615 qui
829 532 994 616 principes
1019 533 1101 597 ahos

132 641 207 685 cura
237 623 269 683 et
293 619 381 681 metu
409 616 596 698 distinebat,
631 638 702 680 cum
730 616 878 681 susensi
905 619 939 680 et
966 618 1102 683 attoniti

106 721 308 788 sparumque
335 701 448 765 confisi
474 701 634 785 patientia
657 704 768 765 nostra
820 701 871 765 'nc
900 704 997 785 atque
1026 703 1102 767 inde

132 787 278 871 publicae
306 786 469 850 seruitutis
493 785 623 850 nuntios
645 788 860 869 expectarent.
904 807 942 850 ae
965 787 992 850 si
1015 786 1102 850 forte

134 872 256 955 aliquos
289 871 422 934 flumina
455 870 546 934 niues
578 870 667 934 uenti
694 869 952 954 praepedissent,
989 871 1102 935 statim

133 956 195 1020 hoc
216 955 297 1020 illud
319 976 388 1019 esse
410 954 584 1019 credebant
606 953 689 1038 quod
710 956 919 1037 uerebantur3
946 976 1009 1020 nec
1034 959 1103 1020 erat

134 1040 305 1105 discrimen
338 1039 439 1103 ullum
470 1039 616 1122 pauoris.
650 1042 819 1122 propterea
846 1038 947 1122 quod,
981 1061 1058 1104 cum
1084 1061 1103 1104 a

97 1145 121 1183 ιο
134 1126 220 1189 malo
242 1125 387 1207 principe
409 1128 575 1207 tamquam
600 1144 765 1187 successor
785 1123 937 1187 timeatur
959 1125 1104 1208 quisquis

136 1213 184 1272 est
206 1208 349 1291 dignior,
383 1229 454 1271 cum
478 1209 520 1270 sit
541 1229 636 1272 nemo
664 1229 730 1271 non
753 1207 897 1292 dignior,
925 1229 1044 1272 omnes
1065 1209 1104 1272 ti-

135 1295 272 1355 mentur.
321 1293 411 1356 tuam
445 1293 649 1356 securitatem
680 1313 749 1356 non
780 1313 870 1356 mora
901 1293 1103 1372 nuntiorum,

135 1397 202 1440 non
229 1375 408 1439 litterarum
434 1376 569 1440 tarditas
592 1376 706 1441 differt.
751 1377 812 1441 scis
834 1376 896 1441 tibi
917 1376 1038 1460 ubique
1059 1378 1105 1441 iu-

135 1460 216 1544 rari,
248 1481 319 1523 cum
346 1460 415 1544 ipse
442 1461 598 1525 iuraueris
626 1461 790 1526 omnibus:
827 1482 922 1526 nemo
945 1460 1010 1525 hoc
1039 1483 1105 1525 non

98 1562 123 1603 15
138 1545 200 1610 sibi
221 1547 373 1629 praestat.
417 1566 558 1608 amamus
585 1545 712 1629 quidem
739 1548 771 1610 te
797 1544 1011 1628 inquantum
1042 1567 1106 1610 me-

136 1630 230 1715 reris3
253 1630 340 1694 istud
354 1633 462 1694 tamen
483 1652 549 1694 non
569 1630 617 1693 tui
631 1629 767 1693 facimus
789 1651 896 1693 amore
919 1629 977 1694 sed
990 1631 1105 1713 nostri,

137 1737 196 1779 nec
222 1736 373 1798 umquam
406 1714 572 1779 illucescat
601 1715 668 1777 dies
701 1736 763 1797 quo
791 1735 849 1796 pro
878 1717 911 1777 te
938 1718 1107 1799 nuncupet

137 1802 214 1862 uota
240 1820 307 1862 non
334 1798 457 1863 utilitas
484 1804 595 1862 nostra
623 1798 678 1862 sed
704 1798 797 1882 fides,
828 1797 955 1863 Caesar.
1001 1800 1107 1883 turpis

137 1882 238 1945 tutela
258 1883 414 1965 principis
437 1883 488 1945 cui
502 1886 610 1964 potest
624 1884 785 1965 imputari.
820 1883 909 1966 queri
924 1883 1006 1947 libet
1023 1883 1108 1967 quod

100 1984 126 2023 20
139 1967 173 2028 in
196 1967 318 2028 secreta
340 1970 451 2028 nostra
477 1987 542 2029 non
566 1967 732 2049 inquirant
753 1967 914 2051 principes
938 1968 1004 2031 nisi
1026 1990 1109 2052 quos

139 2048 270 2112 odimus.
316 2070 391 2112 nam
418 2050 445 2112 si
473 2050 583 2113 eadem
613 2071 687 2114 cura
709 2052 801 2115 bonis
829 2073 866 2116 ac
891 2051 984 2116 malis
1012 2056 1109 2135 esset,

139 2154 234 2216 quam
262 2132 379 2216 ubique
408 2133 650 2198 admirationem
677 2136 741 2218 tui,
775 2135 859 2219 quod
880 2136 1034 2221 gaudium
1058 2159 1110 2202 ex·

139 2217 390 2301 ultationemque
424 2218 694 2302 deprehenderes!
739 2241 819 2303 quos
856 2221 998 2284 omnium
1037 2243 1110 2286 cum

141 2302 329 2387 coniugibus
360 2324 397 2367 ac
424 2303 550 2386 liberis,
588 2325 667 2387 quos
696 2305 793 2368 etiam
823 2326 894 2369 cum
924 2305 1111 2370 domesticis

102 2404 127 2444 25
141 2389 204 2452 aris
227 2388 372 2472 focisque
395 2391 571 2456 sermones!
610 2389 707 2453 scires
734 2389 933 2454 mollissimis
958 2390 1031 2454 istis
1057 2412 1111 2454 au-

140 2474 228 2536 ribus
250 2473 348 2556 parci.
394 2477 426 2537 et
455 2474 597 2557 alioquin
625 2495 696 2538 oum
725 2474 792 2536 sint
821 2474 929 2538 odium
956 2495 1112 2559 amorque

141 2559 315 2639 contraria,
350 2557 412 2621 hoc
434 2579 588 2641 perquam
616 2558 719 2622 simile
740 2557 862 2622 habent
888 2558 970 2642 quod
993 2559 1041 2623 ibi
1063 2561 1113 2623 in·

140 2641 372 2783 tenpperapptius
401 2661 541 2704 amamus
563 2642 667 2705 bonos
692 2643 869 2727 principes,
901 2643 954 2707 ubi
977 2642 1112 2708 liberius

142 2743 195 2784 ma
209 2743 244 2784 os
267 2742 286 2784 o
310 2743 400 2784 nnus.

104 2823 129 2864 co
205 2803 320 2869 LXIX.
368 2803 490 2890 (lepisti
518 2811 626 2872 tamen
654 2813 687 2872 et
714 2810 846 2874 affectus
873 2811 976 2876 nostri
1005 2815 1038 2875 et
1066 2813 1114 2876 iu-

143 2889 218 2953 dicii
251 2889 519 2975 experimentum,
557 2897 713 2976 quantum
749 2895 923 2959 maximum
958 2917 1115 2979 praesens

143 2995 255 3058 capere
277 2975 427 3059 potuisti,
454 2976 510 3040 illo
533 2977 583 3041 die
610 3000 673 3061 quo
703 2979 912 3044 sollicitudini
934 2979 1116 3065 pudorique

129 215 173 280 64
452 215 474 268 1.
507 214 536 265 o.
556 214 673 265 eumn
689 213 770 265 Pau.

212 3200 225 3247 1
247 3203 275 3248 et
293 3212 325 3247 ex
343 3196 466 3248 utilitate
484 3227 517 3234 —
535 3202 550 3251 2
568 3216 626 3250 rem
643 3200 781 3266 publicam
799 3218 844 3253 om.
861 3203 917 3251 BV
937 3199 947 3267 ΙΙ
968 3204 983 3251 2
1003 3206 1032 3252 te
1047 3203 1118 3254 bene

146 3267 163 3313 0
192 3262 196 3329 Ι
220 3280 312 3330 regere
332 3266 360 3317 G.
379 3267 415 3316 H.
436 3266 604 3331 Srlrceferua:
628 3283 722 3334 gerere
739 3270 766 3316 Η
793 3272 797 3332 Ι
825 3286 886 3320 cum
904 3275 1015 3321 seruent
1033 3273 1051 3319 0
1069 3272 1118 3321 W:

145 3338 307 3384 conseruent
324 3334 344 3382 B
364 3334 386 3381 V
406 3332 416 3399 ll
437 3336 453 3384 8
471 3336 648 3386 merebantur
664 3338 704 3397 Μ,
723 3341 831 3387 correxi
853 3335 863 3403 ΙΙ
889 3341 920 3388 10
938 3338 1067 3470 puisquis
1087 3353 1117 3405 ς;

145 3399 305 3513 ἓιιίεὲῃιεᾙ
322 3399 332 3466 ΙΙ
356 3403 387 3450 14
405 3401 458 3451 sibi
476 3418 531 3452 non
548 3401 646 3468 011121
666 3419 700 3453 ac
717 3405 737 3451 B
755 3405 801 3454 W:
821 3409 848 3455 et
866 3407 884 3486 0
902 3405 924 3452 V
967 3408 1001 3456 23
1019 3405 1119 3486 depre-

146 3480 202 3582 u
219 3471 295 3583 {aar
313 3465 453 3587 abila
465 3485 524 3602 u
542 3469 656 3589 cal
936 3474 954 3522 ⁰
970 3470 980 3537 l
997 3475 1032 3525 ²⁸
