2406 4012
258 140 475 193 GRATIARUM
493 140 603 193 ACTIO
621 140 784 193 IULIANO.
807 143 918 192 ‘ro-29.
1009 140 1071 204 267

104 292 227 356 toribus
246 291 424 355 nuntiatur.
454 291 565 355 statim
580 313 597 354 e
612 291 692 355 solio
707 293 870 375 tamquam
884 296 1072 376 praeceptus

103 376 217 441 exiluit
243 375 336 440 uultu
361 376 487 458 trepido
516 377 610 458 atque
638 378 822 460 satagente,
852 377 954 460 qualis
984 399 1072 441 meus

104 482 173 525 ease
194 461 369 544 potuisset,
398 462 426 523 si
447 459 587 543 principi
609 481 698 524 serus
724 481 931 526 occurrerem.
976 482 1072 546 aegre

102 544 236 609 remotis
264 543 375 628 populi
402 545 456 628 qui
484 565 542 608 nos
569 543 853 628 praegrediebatur
880 545 1072 630 agminibus,

102 632 140 693 ut
160 650 258 713 quam
277 627 464 713 longissime
486 629 579 693 nobis
602 630 730 693 obuiam
744 630 931 712 procederet
951 632 1099 696 labora-5

102 714 160 777 uit
194 712 263 777 illic
283 713 498 797 gaudentibus
521 715 654 795 cunetis,
681 735 740 797 pro
762 717 873 778 sancta
895 716 1046 780 diuinitas
1055 718 1073 799 l,

125 818 166 862 uo
189 818 255 880 ore,
285 818 347 880 qua
369 818 447 861 uoce
470 803 554 862 ‘aue'
578 798 684 881 inquit
707 798 831 862 ‘consul
854 799 1072 882 amplissime'.

101 820 259 969 dignatus
278 901 336 946 ace
356 881 464 946 osculo
488 884 552 946 oris
574 882 659 946 illius
675 882 793 945 diuinis
816 883 979 946 afflatibus
1001 905 1073 947 con-

99 966 221 1031 secrati
248 965 410 1030 dexteram
436 966 538 1048 dedit,
566 965 655 1029 illam
682 967 862 1048 dexteram,
892 967 1072 1031 immortale

99 1050 390 1200 taratra
410 1051 570 1218 {bitte
585 1050 1072 1220 ‘retrituratur
1087 1073 1112 1111 ¹⁰

98 1220 192 1284 tione
206 1222 361 1304 perpetua
381 1220 491 1283 diuina
513 1223 607 1304 atque
621 1220 763 1284 humana
784 1185 977 1304 moderatur,
1001 1244 1073 1286 cum

96 1303 262 1387 despiciat
281 1304 316 1368 in
338 1307 455 1387 terras,
481 1304 594 1368 habitu
616 1305 680 1368 oris
702 1308 929 1388 tempestatum
950 1307 1074 1371 incerta

98 1392 242 1467 mutare,
265 1389 332 1452 eius
354 1392 436 1452 nutu
457 1389 610 1453 mundum
629 1392 834 1472 tremescere,
856 1390 943 1453 illius
964 1391 1073 1453 hilari-

100 1474 173 1536 tate
189 1471 334 1538 turbines
356 1473 456 1557 abigi,
479 1474 580 1538 nubes
595 1473 713 1557 fugari,
737 1473 875 1536 nitentia
889 1496 947 1556 per
964 1475 1073 1536 orbern
1087 1491 1112 1531 15

100 1576 219 1621 serena
238 1556 377 1621 refundi.

168 1639 288 1705 XXIX.
319 1641 389 1705 Hoe
411 1641 458 1704 ita
480 1662 549 1704 esse
572 1639 670 1703 oculis
692 1639 787 1723 paulo
811 1643 887 1703 ante
909 1640 1000 1703 licuit
1023 1662 1073 1703 ex-

99 1726 212 1811 periri.
239 1726 272 1789 in
295 1729 449 1809 quantam
470 1725 595 1788 laxatus
617 1726 667 1788 est
681 1724 819 1807 populus
833 1727 866 1788 te
889 1724 1073 1788 consulibus

100 1810 170 1875 tuis
192 1810 351 1874 arridente
373 1809 551 1874 laetitiam?
577 1809 715 1872 uidimus
738 1809 892 1873 attonitos
916 1808 1073 1873 admiran-

100 1895 187 1959 tium
212 1895 337 1978 uultus,
366 1894 582 1958 multiformes
604 1893 793 1958 laetantium
820 1898 923 1959 status
930 1945 939 1977 ,
969 1895 1073 1958 uarios
1087 1912 1112 1951 2⁰

101 1999 274 2061 corporum
303 1982 416 2043 motus.
468 1980 621 2043 clamores
649 1979 831 2043 inconditos
860 1979 1075 2064 profundebat

100 2062 256 2129 laudandi
278 2063 378 2127 effusa
399 2064 541 2127 libertas.
577 2063 775 2146 tripudiabat
798 2065 916 2128 crebris
939 2063 1073 2126 saltibus

101 2146 286 2212 multitudo.
315 2148 435 2211 nimiae
450 2147 591 2211 laetitiae
613 2147 734 2210 decoris
757 2151 833 2209 sunt
855 2150 887 2210 et
900 2146 1073 2229 grauitatis

101 2233 317 2297 immemores.
345 2232 402 2296 illa
421 2232 552 2296 iactatio
567 2235 727 2315 togarum,
751 2230 807 2292 illa
829 2229 985 2293 exultatio
1008 2250 1073 2292 cor-

102 2337 221 2401 porum
256 2317 473 2381 nescientibus
509 2336 611 2399 paene
643 2313 827 2378 hominibus
865 2313 1074 2377 excitabatur.
1087 2329 1114 2368 2⁵

103 2423 235 2466 omnem
259 2401 451 2465 modestiam
472 2399 600 2483 populi,
630 2419 756 2462 omnem
779 2398 1005 2462 uerecundiam
1027 2397 1075 2460 tui

102 2486 224 2570 gaudia
251 2485 371 2550 effrena
398 2488 636 2569 superauerant.
681 2492 773 2563 ‘aue,
807 2483 918 2546 consul
947 2482 1075 2566 amplis-

103 2571 210 2635 sime?
239 2591 319 2635 aueo
334 2571 441 2655 plane,
463 2572 647 2653 imperator,
671 2571 704 2632 et
725 2568 837 2633 auebo.
865 2567 1076 2650 nequeenim

103 2658 241 2718 euentus
267 2677 335 2719 esse
357 2658 465 2737 potest
492 2654 596 2737 optati
617 2653 711 2717 huius
740 2653 924 2738 ambiguus,
954 2674 1025 2717 eum
1048 2653 1075 2715 is

103 2760 200 2803 auare
227 2761 278 2803 me
306 2739 415 2803 iubeat
440 2739 495 2822 qui
520 2739 583 2802 iarn
606 2740 685 2804 fecit
711 2743 748 2801 ut
770 2759 908 2803 auerem.
953 2735 1076 2802 ‘consul
1089 2753 1114 2791 3⁰

174 2996 190 3043 2
208 2997 315 3046 meust
332 2993 342 3060 11
360 2999 376 3046 3
395 2995 482 3045 serius
500 2996 559 3044 edd.
577 2991 619 3058 114
637 2991 865 3057 progrediebatur
877 2992 903 3038 ll
920 2988 930 3054 ΙΙ
948 2992 962 3039 6
982 2989 1076 3049 illiga

107 3060 112 3127 Ι
133 3062 317 3127 gaudentibus
336 3064 444 3113 eunctis
461 3070 521 3125 post
538 3060 596 3110 illic
608 3061 638 3121 Δ,
655 3066 716 3122 post
734 3076 759 3122 p.
772 3073 794 3108 s.
808 3058 941 3108 diuinitas
956 3056 1078 3105 BGVW

103 3136 206 3193 ponunt
230 3128 240 3195 ss
264 3134 279 3180 7
297 3146 365 3181 uoce
384 3131 474 3195 inquit
494 3144 544 3180 auc
563 3143 637 3178 cons.
656 3126 730 3176 Bert.
755 3124 760 3190 1
785 3140 836 3176 aue
853 3127 936 3176 orac
960 3122 970 3188 [Ι
993 3125 1009 3172 8
1028 3138 1078 3172 nos

105 3212 167 3262 epo:
191 3214 238 3248 om.
256 3200 284 3246 1
308 3200 313 3260 Ι
338 3198 482 3248 afflatibus
500 3199 608 3261 scripsi:
637 3194 768 3244 affatibus
787 3195 814 3241 Π
843 3192 853 3257 ΙΙ
883 3195 914 3242 11
936 3195 1077 3258 potestate

105 3266 182 3316 edd„-
209 3271 272 3330 post
288 3267 316 3312 H
346 3264 356 3330 {l
386 3268 418 3316 13
442 3265 542 3316 ‘halitu
559 3263 614 3312 oris
636 3264 737 3328 quidum
754 3261 813 3311 libri
820 3265 827 3289 ’
846 3263 976 3310 Puteanus
1006 3256 1016 3324 ΙΙ
1047 3261 1078 3308 17

106 3332 190 3396 paulo
212 3338 278 3383 aute
303 3334 390 3383 oeulis
413 3336 430 3381 0
460 3331 470 3398 11
499 3335 530 3382 21
554 3334 645 3382 motus
670 3356 701 3366 -
723 3331 756 3378 24
780 3343 923 3393 corporum
945 3327 1033 3380 em.V
1064 3323 1076 3390 Ιὶ

105 3401 140 3449 23
158 3400 252 3515 dppori
269 3402 401 3451 Liuineius
430 3397 440 3463 ΙΙ
469 3403 502 3451 30
520 3414 603 3450 auere
621 3413 663 3448 me
681 3411 719 3446 w:
742 3412 853 3447 auerem
871 3397 898 3443 Π
919 3410 1001 3445 auare
1020 3396 1078 3447 edd.

108 3464 163 3516 3ut
202 3482 310 3518 auerem
328 3468 352 3515 A
