2406 4012
310 103 525 154 uuaooosm
543 103 712 156 nucusro
731 105 765 154 o.
786 107 861 156 o-a.
1005 104 1066 168 271

96 253 181 317 haec
204 255 240 316 11
262 251 396 317 deceret.
429 275 471 316 an
492 272 567 315 uero
590 253 760 336 quicquam
781 255 931 336 putamus
954 254 989 317 in
1010 255 1067 319 im·

98 336 182 421 perii
204 336 252 400 tui
274 336 491 401 declaratione
512 337 728 420 praeteritum,
752 352 823 401 cum
846 339 976 402 ductam
998 360 1067 406 esse

99 421 263 485 rationem
285 421 427 503 ipsorum
454 423 551 484 etiam
574 422 738 485 uideamus
761 422 940 486 annorum?
979 423 1067 487 cuius

96 505 230 589 >quidem
252 505 298 569 rei
320 509 414 571 tanta
434 505 498 568 fuit
525 527 600 569 cura
622 506 795 570 maioribus
817 510 854 570 ut
875 527 942 571 non
964 508 1067 571 solum

98 590 135 654 in
169 589 374 673 amplissimis
407 589 648 674 magistratibus
680 590 909 674 adipiscendis,
948 592 1002 656 sed
1033 592 1094 656 ins

99 675 259 758 praeturis
282 695 408 757 quoque
435 677 491 737 111
512 673 728 738 aedilitatibus
754 675 958 759 capessendis
980 679 1068 740 actas

97 761 247 842 spectata
268 759 311 821 sit
324 759 496 841 petitorum
518 779 579 824 nec
598 759 767 842 quisquam
781 762 909 823 tanturn
931 760 1069 824 ualuerit

96 843 272 907 nobilitate
294 843 348 906 uel
362 843 468 927 gratia
491 842 543 905 uel
556 843 694 925 pecunia
716 843 769 924 qui
791 865 894 909 annos
916 844 1069 908 comitiali

98 927 174 1010 lege
196 926 410 1010 praescriptos
431 926 593 991 festinatis
610 927 784 991 honoribus
804 924 981 1009 occuparit.
1009 948 1068 993 nec

98 1011 220 1075 iniuria
241 1011 274 1074 id
297 1010 433 1093 quidem.
475 1032 551 1074 narn
574 1012 606 1074 et
628 1012 682 1094 qui
704 1011 831 1074 uenturi
853 1012 984 1075 suntin
1006 1011 1107 1075 uir-10

98 1096 179 1159 tutis
213 1095 419 1178 adoptionem
446 1094 502 1159 illo
529 1098 638 1159 tamen
671 1094 906 1160 adulescentiae
933 1095 1068 1179 lubrice,

98 1183 140 1243 ut
159 1201 226 1245 non
248 1179 379 1263 cadant,
402 1180 555 1243 titubant.
600 1200 643 1243 an
664 1201 730 1244 non
753 1179 946 1245 clarissimos
966 1180 1069 1245 nomi-

99 1264 154 1327 nis
176 1263 312 1328 Romani
340 1266 426 1329 uiros
455 1263 574 1346 (Sullas
598 1264 727 1330 Catulos
749 1264 915 1352 Scipiones
941 1265 1070 1412 loquor}

99 1347 334 1433 aliquantisper
362 1349 423 1412 sibi
446 1349 571 1413 luxuria
597 1348 800 1413 uindicauit?
843 1370 921 1434 quos
946 1350 1006 1414 etsi
1029 1371 1048 1412 a

101 1435 230 1517 portum
245 1433 361 1496 mutati
381 1434 416 1496 in
430 1433 544 1497 melius
559 1432 654 1496 flatus
675 1433 866 1515 1111111111,
891 1434 945 1497 diu
959 1437 1069 1498 tamen
1083 1447 1108 1490 1⁶

100 1517 252 1583 uitiorum
275 1517 369 1581 turbo
391 1518 524 1582 iactauit
545 1519 577 1581 ei
599 1517 774 1601 naufragos
796 1519 891 1599 atque
906 1517 1070 1580 fluitantes

98 1602 144 1665 ab
171 1601 235 1665 illis
263 1602 377 1686 quibus
411 1600 632 1665 mersabantur
660 1600 818 1664 erroribus
851 1621 946 1684 aegre
981 1602 1070 1667 actas

100 1687 233 1770 recepit.
282 1687 363 1750 bene
390 1686 489 1770 igitur
523 1686 640 1749 cuncta
667 1684 864 1768 quadrarunt
896 1686 928 1747 11
956 1683 1070 1749 ceteris

98 1792 183 1852 quae
198 1770 366 1834 innumera
378 1769 600 1866 congruebant
611 1770 687 1832 anni
698 1790 822 1852 quoque
835 1790 928 1833 suurn
939 1769 1071 1834 iunxere

99 1854 299 1938 suffragium,
323 1854 377 1938 qui
399 1853 458 1918 soli
481 1854 514 1918 in
529 1853 658 1917 homine
679 1852 814 1937 perfecti
831 1853 915 1918 bono
937 1854 1068 1919 duarum
1084 1868 1109 1908 ²0

99 1939 269 2021 potimitur
290 1941 441 2021 aetatum,
463 1940 581 2002 uirtute
596 1940 748 2003 iuuenum
771 1943 804 2003 et
818 1941 1004 2003 maturitate
1024 1961 1071 2004 se·

101 2022 239 2086 nicrum.
283 2024 371 2106 prius
394 2024 531 2088 fortasse
557 2023 728 2107 imperium
754 2023 836 2092 inire
858 2024 1012 2087 debueras
1036 2026 1072 2086 ut

103 2106 223 2171 diutius
246 2108 434 2190 imperares,
463 2111 496 2171 11
518 2107 587 2171 sine
610 2106 746 2190 exempli
768 2107 921 2189 periculo
966 2106 1072 2189 proui-

102 2191 231 2274 debitur
253 2197 358 2257 tumea
379 2214 420 2255 ne
442 2192 517 2275 quid
540 2191 701 2257 amiseris:
738 2191 807 2260 uita
827 2189 974 2274 longiore
994 2210 1071 2272 pen-

101 2276 239 2340 sandum
261 2276 345 2359 quod
368 2297 407 2340 ex
429 2274 601 2359 praeterito
623 2273 801 2357 perdidisti.
839 2296 953 2357 parum
975 2274 1071 2340 inter·
1085 2287 1109 2331 2⁶

102 2363 154 2425 est
197 2360 302 2425 nando
326 2361 467 2444 coeperit
488 2359 574 2442 quod
596 2359 770 2422 terminum
791 2379 859 2422 non
879 2357 1019 2421 habebit.

167 2382 257 2509 illll.
288 2445 451 2523 Hactenus
474 2444 509 2509 in
530 2447 562 2507 te
585 2443 769 2525 praedicata
790 2442 865 2526 sint,
887 2442 1072 2526 imperator,

104 2529 192 2593 dona
213 2529 368 2593 fatorum:
392 2550 478 2592 nunc
501 2528 541 2601 ad
563 2549 601 2597 ea
615 2526 813 2611 proferamus
835 2527 971 2612 gradmn
992 2547 1073 2611 quae

102 2613 164 2677 tibi
193 2613 298 2677 debes.
343 2634 446 2697 neque
475 2613 560 2678 enirn
583 2615 639 2677 tua
666 2612 722 2676 illa
745 2612 918 2695 praeterita
939 2611 1073 2678 bellicae

103 2699 151 2760 rei
173 2696 285 2782 gloria,
310 2719 407 2780 quarn
429 2719 486 2781 per
500 2699 551 2762 toi
571 2697 715 2763 laborum
739 2698 957 2781 experimenta
979 2717 1073 2781 quae·
1086 2711 1112 2752 ³0

102 2781 184 2860 sisti,
209 2781 399 2846 ascribenda
413 2782 562 2846 fortunae
585 2785 643 2847 est.
673 2782 724 2847 cui
744 2782 805 2847 hoc
826 2783 955 2847 nomine
977 2781 1074 2863 etiam

104 2867 284 2930 succenseri
307 2869 415 2948 potest
442 2866 641 2949 quodquam
668 2868 793 2947 sceptro
821 2868 854 2927 et
876 2864 956 2927 solio
979 2864 1074 2928 desti·

174 3092 186 3138 1
207 3090 314 3139 diceret
333 3091 354 3138 A
373 3097 398 3138 et
416 3089 438 3135 V
455 3105 485 3138 m.
506 3091 520 3136 1
537 3085 547 3153 11
567 3090 583 3137 4
601 3092 681 3136 tanta
699 3087 722 3134 A
740 3085 828 3136 Bere.-
846 3086 887 3135 ita
904 3086 925 3135 Β
943 3088 960 3134 c
979 3085 1001 3131 V
1017 3084 1050 3132 W
1066 3081 1076 3151 ll

107 3159 139 3207 13
157 3156 235 3207 sillas
254 3170 291 3205 111
313 3155 396 3206 111101
414 3156 437 3204 V
455 3157 479 3207 si
496 3154 559 3205 illos
578 3156 599 3203 A
616 3155 636 3203 Β
655 3156 672 3202 0
699 3152 703 3219 Ι
725 3155 757 3202 14
775 3153 883 3203 luxoria
900 3153 923 3202 A
944 3150 953 3217 11
980 3153 1010 3201 15
1028 3152 1075 3200 fla-

103 3229 149 3274 111
168 3239 256 3274 reuex.
274 3225 297 3272 A
309 3225 356 3273 W:
374 3238 466 3276 raucx.
484 3224 567 3273 flatus
584 3223 605 3272 B
620 3223 671 3271 GV
698 3219 702 3285 Ι
724 3223 755 3271 21
775 3222 924 3284 paciuntur
940 3220 997 3282 eati
1018 3222 1076 3273 eta-

102 3296 160 3340 tum
179 3293 202 3340 A
224 3289 233 3357 ΙΙ
255 3293 287 3340 22
307 3290 443 3342 delmeraa
461 3305 490 3356 ςε
510 3290 681 3342 debueris!
702 3287 712 3354 11
734 3290 767 3339 23
785 3293 812 3337 11
828 3289 936 3352 scripsi:
956 3287 1002 3336 sed
1019 3288 1047 3337 1
1068 3284 1077 3352 11

104 3361 138 3409 24
156 3363 249 3409 tamen
268 3374 330 3424 epo:
349 3358 434 3408 11111
452 3355 512 3421 1126
531 3358 655 3422 coeperit
674 3351 760 3422 quod]
780 3355 855 3419 cepit
873 3357 890 3402 0
908 3353 918 3420 ΙΙ
934 3357 966 3405 27
987 3354 1077 3405 sintA

104 3424 114 3490 ll
137 3429 166 3478 31
187 3428 229 3476 tui
247 3427 288 3490 A}
305 3430 333 3476 11
351 3441 424 3476 succ.
443 3426 463 3473 Β
482 3425 504 3471 V
525 3422 534 3489 ΙΙ
558 3428 591 3476 32
610 3439 731 3481 suscens.
750 3422 773 3471 A
