2394 3990
405 173 567 225 rumano
585 175 619 228 D.
642 176 752 224 20-22.
1023 173 1063 235 19

92 328 208 407 mator,
234 324 300 387 iam
321 325 353 386 te
375 322 491 387 mereri
512 322 667 386 fatereris.
707 322 815 406 itaque
838 322 899 386 soli
920 323 1062 387 omnium

95 408 233 493 contigit
247 407 308 472 tibi
330 410 366 470 ut
385 410 479 490 pater
496 407 618 489 patriae
640 426 725 471 esses
748 410 823 471 ante
843 429 938 491 quam
958 407 1060 471 fieres.

96 514 162 559 eras
184 493 273 557 enim
295 492 329 556 in
347 491 474 573 animis,
499 491 534 554 in
548 491 674 555 iudiciis
689 491 817 572 nostris,
840 514 900 556 nec
914 491 1061 576 publicae

96 578 224 663 pietatis
252 577 408 641 intererat
435 575 511 659 quid
538 597 703 660 uocarere,
737 577 802 639 nisi
823 577 908 660 quod
930 578 1062 662 ingrata

98 663 153 727 sibi
175 662 364 744 uidebatur,
395 661 477 725 site
499 662 726 743 imperatorem
748 661 853 748 potius
876 665 1008 726 uocaret
1029 665 1087 726 ets

60 804 65 837 Ι
98 745 278 829 Gaesarem,
314 767 385 810 cum
413 747 540 828 patrem
573 746 778 828 experiretur.
823 747 906 829 quod
934 747 1061 830 quidem

60 846 67 885 ri
99 853 211 897 nomen
233 853 297 915 qua
318 829 529 914 benignitate,
553 851 615 912 qua
636 828 837 913 indulgentis
860 833 1002 895 exerces!
1026 836 1062 895 ut

102 936 163 981 cum
186 916 311 980 ciuibus
334 913 397 978 tuis
419 914 509 997 quasi
536 935 608 977 oum
630 913 738 977 liberis
760 935 876 997 parens
899 916 996 979 uiuis!
1026 919 1062 978 ut

103 1019 237 1067 reuersus
265 1001 458 1083 imperator,
489 999 544 1081 qui
566 998 710 1082 priuatus
733 1001 869 1082 exieras,
901 999 1059 1084 agnoscis,

105 1085 296 1168 agnosceris!
320 1083 447 1148 eosdem
463 1105 531 1162 nos,
556 1083 692 1147 eundem
710 1085 742 1146 te
762 1087 867 1166 putas,
886 1105 945 1167 par
960 1085 1100 1148 omni-10

106 1166 154 1234 bus
175 1175 206 1234 ct
225 1168 289 1234 hoc
311 1171 438 1233 tantum
461 1168 574 1232 ceteris
597 1167 699 1233 maior
720 1168 804 1252 quod
826 1168 947 1232 melior.

151 1253 251 1319 XXII.
271 1254 469 1336 Acprimum
478 1252 614 1336 quidem,
632 1254 686 1336 qui
697 1253 764 1317 dies
775 1252 830 1317 ille
842 1276 905 1337 quo
914 1259 1059 1337 expecta-

109 1340 150 1401 tus
163 1338 418 1420 desideratusque
435 1337 548 1401 urbem
563 1340 652 1401 tuam
667 1338 830 1422 ingressus
846 1341 894 1402 es!
917 1339 983 1402 iam
998 1340 1059 1403 hoc

79 1452 82 1457 ·
109 1420 210 1506 ipsum,
233 1424 394 1507 quomodo
416 1421 580 1506 ingressus
603 1443 651 1504 es,
675 1444 770 1505 quam
791 1423 909 1486 mirum
927 1424 1059 1486 laetum·

112 1510 170 1586 qne!
194 1529 269 1572 nam
292 1507 416 1590 priores
438 1505 547 1569 inuehi
570 1509 603 1569 et
624 1507 793 1590 importari
816 1507 971 1588 solebant,
993 1529 1059 1570 non
1072 1528 1097 1569 ιε

84 1644 87 1649 .
113 1587 167 1653 dico
179 1591 366 1676 quadriiugo
387 1613 480 1654 cmru
496 1594 528 1655 et
543 1591 725 1655 albentibus
748 1591 847 1673 equis,
871 1590 926 1653 sed
941 1592 1059 1654 umeris

85 1668 272 1761 bominum,
302 1675 387 1760 quod
413 1675 613 1760 arrogantius
642 1678 721 1737 erat.
765 1677 802 1739 tu
823 1674 891 1737 sola
919 1676 1059 1757 eorporis

112 1761 282 1839 proceritate
304 1761 418 1825 elatior
439 1760 510 1823 aliis
531 1763 564 1824 et
584 1759 739 1824 excelsior
760 1779 827 1822 non
843 1758 881 1822 de
901 1760 1059 1842 patientia

113 1845 204 1937 nostra
229 1845 389 1930 quendam
416 1844 629 1928 triumphurn,
661 1843 716 1908 sed
739 1843 777 1907 de
803 1844 951 1927 superbia
972 1844 1058 1928 prin-

90 1934 200 2009 'upum
220 1931 325 2015 egisti.
358 1950 435 2013 ergo
457 1951 523 1993 non
546 1932 634 1993 aetas
656 1950 863 2013 quemquam,
885 1951 951 1994 non
974 1931 1058 1994 uale-
1072 1953 1098 1990 ao

91 2008 183 2095 tudo,
203 2036 270 2081 non
283 2036 378 2080 sexus
392 2014 570 2078 retardauit
592 2014 777 2097 quominus
798 2015 907 2078 oculos
929 2015 1059 2079 insolito

92 2101 273 2189 'spectaculo
300 2099 460 2183 impleret.
504 2102 536 2163 te
563 2098 691 2182 paruuli
719 2119 867 2181 noscere,
897 2103 1058 2163 ostentare

114 2196 236 2267 linones,
268 2185 381 2249 mirari
408 2205 513 2268 senes3
552 2184 641 2268 aegri
669 2205 793 2268 quoque
821 2184 968 2267 neglecto
995 2205 1058 2246 me-

96 2274 102 2337 s
116 2260 233 2333 dunum
248 2270 384 2353 imperio
407 2268 446 2331 ad
463 2271 670 2351 conspectum
684 2269 732 2332 tui
755 2268 846 2351 quasi
868 2267 1059 2330 adsalutem

116 2351 324 2437 anuumque
347 2374 525 2436 prorepere.
555 2353 631 2417 inde
654 2352 708 2415 alii
731 2373 764 2415 se
787 2351 863 2414 satis
886 2351 1004 2413 uixisse
1026 2354 1058 2413 te
1072 2369 1097 2409 25

115 2431 182 2520 niso,
211 2442 242 2503 te
270 2441 418 2522 recepte,
454 2438 508 2502 alii
535 2458 623 2501 nunc
656 2435 761 2518 magis
789 2455 858 2497 esse
886 2434 1058 2500 uiuendum

116 2522 329 2597 msiioabant.
374 2524 512 2586 feminas
534 2523 731 2586 etiamtunc
753 2518 960 2583 fecunditatis
982 2541 1058 2583 suae

116 2605 231 2696 mima
251 2609 404 2690 uoluptas
427 2608 541 2689 subiit,
566 2629 637 2671 cum
659 2608 826 2670 cernerent
849 2605 899 2668 eui
920 2605 1059 2690 principi

116 2702 190 2773 unes,
210 2694 260 2756 oui
282 2693 470 2775 imperatori
492 2692 609 2755 milites
632 2691 841 2775 peperissent.
864 2690 988 2755 uideres
1010 2713 1058 2754 re-

95 2764 179 2839 ,fnta
197 2778 282 2841 tecta
305 2798 341 2840 ao
366 2776 548 2840 laborantia
576 2799 613 2840 ao
635 2798 676 2840 ne
699 2799 772 2840 eum
794 2775 1057 2859 quidemuacan-
1070 2795 1096 2834 ³0

114 2852 164 2919 teu
190 2860 294 2925 locum
328 2861 382 2944 qui
417 2883 485 2925 non
521 2861 585 2923 nisi
621 2882 808 2944 suspensum
844 2863 876 2924 et
908 2861 1057 2924 instabile

113 2942 262 3028 uestigium
286 2948 424 3028 caperet,
451 2945 595 3028 oppletas
618 2945 758 3027 undique
780 2944 849 3008 uias
873 2948 1057 3031 angustum-

112 3106 292 3127 R·—

162 3236 177 3283 4
193 3248 326 3287 necarere
345 3235 389 3284 W:
408 3251 510 3287 uocare
528 3237 613 3286 Bcv
632 3232 644 3299 ll
663 3238 692 3284 ll
713 3235 784 3299 quod
802 3236 947 3284 Liuineius:
965 3248 1018 3296 quo
1030 3235 1057 3282 Η

103 3294 119 3368 ‘l
130 3298 155 3347 1²
170 3303 277 3365 quidem
299 3304 347 3367 qui
359 3303 532 3354 Sclnuurzius:
552 3299 616 3368 quid
631 3304 663 3352 W
682 3302 808 3367 quidBc
827 3303 908 3366 quiV
924 3298 934 3365 ΙΙ
952 3303 983 3350 13
1001 3305 1058 3352 iam

142 3366 158 3417 ἰ.
176 3385 200 3434 q.
217 3372 363 3437 ingressus
381 3386 411 3422 es
434 3388 480 3426 om.
498 3374 516 3420 0
537 3370 546 3436 l
568 3375 600 3422 14
623 3371 755 3436 quomodo
776 3372 884 3434 scripsi:
911 3369 982 3434 quod
1000 3372 1027 3417 n
1049 3368 1057 3433 ll

147 3450 206 3489 uem
222 3453 251 3505 ςε
270 3453 336 3488 num
354 3439 381 3486 Η
398 3435 408 3503 ll
425 3441 458 3489 20
477 3455 531 3489 non
548 3442 621 3502 prius
639 3439 684 3487 W:
704 3453 778 3488 noua
797 3439 814 3485 0
833 3437 909 3487 nulla
926 3437 982 3493 BV
998 3437 1007 3500 ΙΙ
1024 3440 1057 3486 25

130 3503 238 3557 nitatem
255 3507 276 3556 B
295 3502 356 3570 '127
374 3510 439 3557 tuae
457 3507 486 3569 B,
505 3514 530 3557 et
546 3507 569 3554 V
587 3523 622 3559 ex
640 3522 688 3557 sue
706 3522 774 3559 corr.
788 3503 798 3569 ΙΙ
811 3507 843 3554 32
862 3511 1008 3570 angustum
1025 3505 1055 3553 B.

818 3587 853 3638 2*
