2406 4012
135 249 199 314 230
461 247 495 298 Χ.
526 246 674 298 urantur
692 245 774 296 aar.
835 286 846 299 ,

136 421 285 483 campum
311 398 377 461 late
407 397 566 461 iacentem
591 398 702 459 tantus
735 394 826 459 miles
856 394 1050 478 oppleuerat
1075 396 1112 457 ut

136 505 202 548 non
242 482 441 566 improbaret
475 480 624 543 fiduciam
665 479 720 563 qui
756 479 932 543 instructos
971 477 1109 542 uideret.

137 590 217 652 quae
247 567 331 630 enim
359 565 415 628 illa
442 565 540 628 fuisse
563 563 679 627 dicitur
707 564 853 646 species?
888 584 987 646 quam
1017 565 1109 625 atrox

136 651 231 715 uisu?
263 672 357 733 quam
378 647 611 713 formidolosa?
642 649 840 731 operimento
861 647 942 711 ferri
963 647 1041 729 equi
1062 650 1107 709 at

111 754 197 818 sque
213 735 360 797 homines
375 733 495 816 pariter
516 732 671 815 obsaepti.
701 731 884 795 clibanariis
907 730 943 794 in
964 731 1107 795 exercitu

137 840 255 883 nomen
268 822 326 882 est.
349 838 485 900 superne
494 816 678 880 hominibus
689 816 794 899 tectis,
810 836 962 899 equorum
975 818 1106 899 pectora

137 903 245 967 oribus
267 903 404 966 demissa
425 901 524 964 lorica
551 903 582 964 et
605 922 731 964 crurum
752 903 846 963 tenus
869 899 1016 982 pendens
1039 899 1106 962 sine

136 988 364 1071 impedimento
386 1007 514 1070 gressus
537 1007 556 1048 a
578 1006 663 1048 noxa
685 984 825 1048 uulneris
846 982 1046 1047 uindicabat.

200 1071 321 1135 XXHI.
367 1070 413 1134 Te
439 1076 564 1151 tamen,
592 1070 778 1150 imperator,
809 1089 876 1131 non
902 1068 1022 1130 terruit
1047 1087 1104 1130 nee

99 1176 124 1216 ro
136 1156 220 1238 quod
235 1159 327 1218 tanto
350 1155 548 1217 munimento
567 1152 749 1236 duplicabat
770 1157 933 1215 armatura
950 1156 1103 1215 terrorem

136 1260 197 1301 nec
208 1240 292 1321 quod
303 1239 370 1301 uim
380 1239 477 1301 armis
488 1259 639 1301 numerus
652 1236 797 1300 addebat.
821 1239 945 1301 certum
958 1241 1009 1300 est
1021 1236 1103 1299 enim

135 1342 194 1405 pro
216 1321 340 1405 negotii
361 1323 455 1384 modo
478 1321 655 1385 animosam
678 1343 746 1385 esse
768 1321 935 1403 uirtutem,
960 1320 1046 1403 quod
1068 1341 1104 1382 ex

137 1405 242 1489 specie
257 1427 364 1468 rerum
379 1409 507 1489 captum
528 1427 619 1469 suum
634 1409 806 1488 temperat:
829 1406 864 1468 in
879 1404 990 1488 paruis
1007 1424 1103 1487 prope

136 1489 176 1553 ad
198 1490 402 1554 securitatem
429 1490 578 1571 remissa,
607 1490 642 1553 in
670 1489 882 1554 mediocribus
909 1488 1036 1552 modice
1058 1489 1102 1551 in-

99 1575 272 1658 latentior,
302 1575 357 1639 ubi
383 1596 503 1660 magna
528 1577 702 1656 uenerunt,
730 1574 819 1638 iuxta
848 1570 1103 1657 magnitudinem

138 1659 328 1723 exanclandi
343 1659 449 1743 operis
465 1660 608 1743 erigitur.
636 1658 693 1722 illa
707 1679 867 1722 armorum
882 1657 1060 1722 ostentatio
1075 1658 1104 1719 et

136 1745 239 1827 operti
250 1744 335 1807 ferro
348 1744 516 1825 exercitus,
528 1743 583 1826 qui
594 1742 738 1806 imbelles
752 1741 859 1807 oculos
870 1741 1103 1821 uulnerassent,

135 1828 274 1890 inuictae
303 1831 425 1891 mentes
453 1828 678 1891 incitauerunt.
724 1826 823 1908 quid?
850 1826 934 1909 quod
964 1825 1103 1889 imbutus

136 1911 337 1992 imperatoris
361 1911 505 1992 exemplo
519 1912 598 1975 totis
622 1910 737 1974 animis
760 1911 826 1975 eius
847 1909 938 1973 miles
954 1908 1103 1986 ardescit,

98 2011 124 2052 ao
138 2014 210 2056 cum
225 1993 350 2056 inuenit
365 1992 499 2076 hostem,
521 2017 614 2077 quem
629 1995 717 2058 uinci
732 1994 880 2059 deceret?
909 1993 1103 2058 catafraetos

137 2077 273 2160 equites,
303 2077 337 2139 in
361 2077 473 2160 quibus
494 2079 668 2141 maximum
690 2081 822 2143 steterat
866 2099 974 2163 ugnas
995 2078 1102 2159 robur,

135 2162 203 2244 ipse
224 2160 283 2224 tibi
306 2161 415 2224 sumis.
442 2160 493 2225 his
513 2162 682 2245 disciplina
703 2101 869 2248 pugnandi
891 2165 941 2226 est
962 2167 1008 2246 ot,
1033 2183 1102 2225 cum

136 2247 236 2312 aciem
259 2246 481 2330 arietauerint,
511 2250 640 2311 seruent
662 2247 881 2331 impressionis
904 2251 1052 2332 tenorem
1073 2248 1105 2309 et

135 2331 286 2395 immunis
308 2332 491 2413 uulnerum,
514 2330 664 2416 quicquid
686 2333 882 2415 oppositum,
908 2331 979 2394 sine
1002 2330 1102 2394 haesi·

97 2431 122 2472 25
135 2417 258 2479 tatione
280 2420 497 2499 perrumpant.

198 2499 318 2564 XXIV.
370 2499 432 2565 Sed
462 2504 512 2581 tu,
546 2501 722 2583 imperator
750 2499 1014 2583 prudentissime,
1050 2498 1101 2582 qui

134 2604 244 2646 omnes
262 2584 403 2647 bellandi
425 2586 493 2647 uias
516 2606 638 2667 nosses,
661 2606 753 2669 opem
775 2606 814 2647 ex
836 2583 969 2667 ingenio
992 2603 1101 2666 reppe

134 2665 221 2727 risti:
257 2666 340 2746 quod
363 2668 559 2730 tutissimum
582 2675 626 2733 eat
652 2668 778 2733 eludere
801 2689 880 2752 quos
904 2671 955 2731 est
977 2667 1101 2732 difficil-

135 2747 247 2810 limum
270 2749 440 2830 sustinere,
476 2750 605 2813 diducta
627 2754 695 2816 acie
717 2756 753 2818 io
774 2752 1024 2816 inreuocabilem
1046 2752 1100 2815 im·

135 2888 338 2895 ———-.

205 2956 214 3002 l
236 2952 291 3003 late
310 2956 355 3004 W:
374 2952 436 3003 laxe
455 2954 662 3006 AnovBerr.
680 2956 689 3021 ΙΙ
706 2961 723 3007 4
741 2959 802 3008 uisu
821 2975 866 3008 om.
885 2959 902 3006 0
919 2954 929 3022 ΙΙ
951 2956 1101 3008 thomiris

133 3024 170 3084 H,
188 3037 256 3072 corr.
275 3036 300 3070 w
327 3021 337 3085 ΙΙ
367 3021 554 3072 staminibus
572 3026 681 3088 scripsi:
699 3026 826 3076 omnibus
844 3027 872 3073 Η
891 3025 895 3088 Ι
916 3031 1033 3090 pectora
1050 3024 1101 3075 ori·

132 3090 184 3141 bus
200 3093 309 3154 scripsi:
329 3090 486 3154 pectoribus
504 3092 530 3138 ll
552 3087 562 3155 ΙΙ
584 3093 615 3141 10
634 3093 801 3142 munimento
818 3095 927 3157 scripsi:
944 3108 1059 3143 numero
1075 3090 1101 3138 Ι

135 3154 147 3223 ΙΙ
177 3160 207 3207 11
227 3160 298 3208 enim
316 3159 401 3210 omi)
431 3155 441 3221 Ι
472 3161 503 3209 13
522 3160 614 3223 specie
634 3158 703 3223 (spe)
722 3163 830 3223 scripsi:
853 3175 881 3210 se
899 3161 926 3207 Ι
945 3161 1015 3210 serie
1033 3173 1060 3208 w
1086 3156 1098 3223 ΙΙ

133 3225 165 3275 16
184 3224 348 3275 exauclsndi
364 3226 387 3272 A
407 3225 536 3275 exalandi
554 3227 571 3274 θ
591 3226 710 3276 audendi
728 3240 753 3274 w
769 3225 779 3292 Ι
797 3230 829 3279 18
847 3227 913 3293 quid
930 3243 992 3293 epo:
1011 3244 1058 3278 om.
1075 3227 1102 3273 Ι

134 3290 146 3355 ΙΙ
166 3294 198 3341 22
217 3293 266 3342 tibi
285 3310 331 3344 om.
349 3294 372 3340 A
387 3290 391 3354 Ι
407 3299 438 3340 ut
457 3295 626 3343 Arrrtzcnius:
645 3311 691 3344 om.
710 3296 738 3342 1
758 3294 768 3360 ΙΙ
789 3297 822 3346 23
840 3294 1076 3361 impressiones!
1094 3290 1098 3357 Ι

131 3363 263 3410 terrorem
281 3374 306 3408 w
327 3358 337 3425 ΙΙ
358 3361 392 3409 24
409 3359 518 3409 iunums
534 3363 557 3409 A
575 3362 707 3411 immunes
726 3376 751 3410 w
766 3368 770 3426 Ι
786 3362 914 3427 quiequid
931 3363 954 3412 A
970 3376 1009 3411 w:
1027 3362 1101 3426 quie·

132 3439 213 3489 quam
232 3434 291 3476 cett.
315 3426 325 3491 ΙΙ
352 3428 384 3476 28
402 3432 443 3476 ost
461 3428 536 3476 edd:
555 3445 601 3478 om.
621 3430 648 3476 Ι
672 3427 677 3494 Ι
701 3428 802 3480 elidere
819 3432 847 3478 Η
863 3430 938 3481 Bert.
966 3447 1000 3480 an
1018 3428 1101 3480 ediui-

131 3491 213 3540 dere?
233 3492 238 3555 Ι
263 3508 330 3556 quos
347 3495 488 3557 Jacperus:
507 3495 579 3560 quod
594 3498 622 3544 Al
650 3494 660 3562 ΙΙ
690 3498 723 3548 29
741 3498 860 3547 deducta
877 3499 898 3547 ll
916 3498 934 3545 0
952 3498 975 3544 V
993 3498 1026 3546 W
1046 3495 1051 3562 Ι
1072 3496 1100 3546 iu

133 3558 272 3609 Gruterus:
290 3575 337 3610 om.
356 3563 383 3607 1
399 3562 403 3627 Ι
418 3561 596 3612 irrsuocabili
613 3564 719 3629 impetu
736 3578 761 3613 w
