2406 4012
131 266 195 331 252
472 264 520 312 xl.
550 261 759 314 MAMERTINI

131 416 240 483 rnruali
274 417 395 480 arestate
428 436 490 477 rma
524 413 660 497 amplius
688 435 784 498 quam
818 417 919 482 semel
946 418 1086 483 messuit?
1122 468 1126 475 .

131 524 210 567 num
233 502 284 567 eui
306 521 370 564 uarro
393 502 548 563 autumno
570 519 698 581 unoque
720 500 831 565 uineto
860 502 1024 567 uindemio
1042 502 1087 567 tri·

132 587 204 669 pler
223 582 335 649 duxit?
357 605 420 646 rara
443 586 529 646 rorte
550 584 645 646 unius
667 582 782 647 hiemis
807 588 858 650 est
881 587 1019 652 oliuitas.
1043 587 1088 651 sed

132 674 167 735 ia
196 670 297 735 nostri
324 668 478 752 principis
506 666 668 731 benefieiis
697 667 854 733 miraculo
884 675 974 735 earet
999 672 1089 735 multi·

107 755 251 839 splieata
275 751 465 817 t'eranditas
511 755 548 816 ut
569 751 608 815 de
630 751 700 815 aliis
723 753 854 836 optimis
877 755 958 819 uiris
980 759 1090 820 taceam

133 840 187 923 qui
210 862 227 903 a
250 838 357 923 priore
379 838 412 902 iu
435 838 616 920 proximum
644 839 835 902 autumnum
858 838 985 905 fructus
1006 841 1090 904 hono

134 946 202 987 rum
227 922 419 1007 rurultiplires
440 924 656 986 messuerunt:
678 920 758 984 mihi
782 925 869 986 certe
891 924 990 989 tertia
1010 924 1092 989 unius

134 1010 212 1073 runai
241 1008 369 1073 ubertas
398 1013 446 1071 est
477 1005 667 1071 consulatus.
708 1007 852 1153 primum
881 1007 1094 1073 thesaurorum

133 1094 276 1158 aramum
305 1092 454 1155 mandata
482 1090 626 1155 custodia
654 1093 686 1153 et

97 1200 121 1237 ro
135 1178 309 1242 suu-uadum
335 1177 440 1240 lacau
462 1179 554 1239 tenet
580 1173 793 1238 inhonorum
822 1198 972 1241 meorum
998 1178 1096 1242 fructi

134 1262 193 1325 bas
216 1262 426 1345 praefectura.
453 1260 577 1324 additus
596 1258 657 1341 his,
681 1280 744 1343 quo
766 1260 818 1323 uel
842 1261 912 1326 solo
936 1262 1098 1327 cuiuslibet

135 1346 271 1409 arriditas
308 1345 504 1425 uinceret-ur,
549 1347 762 1428 prouenturum
799 1366 946 1410 meorum
982 1347 1098 1425 tertius,

135 1430 325 1496 consulatus,
371 1427 445 1492 dein
473 1450 545 1493 rum
573 1449 651 1512 ager
674 1428 863 1494 assiduitate
885 1430 1051 1496 fruetuum
1069 1431 1100 1494 in

134 1515 269 1579 maciem
292 1516 500 1597 decoquatur,
529 1513 731 1596 imperatoris
759 1515 862 1577 nostri
884 1517 1047 1598 posterior
1069 1516 1101 1578 li·

99 1620 123 1659 as
136 1600 286 1665 berulitus
308 1600 409 1663 uincit
431 1598 571 1683 priorem
592 1619 652 1662 neo
674 1597 710 1660 fit
733 1598 828 1662 effeta
849 1599 1030 1684 gignendo,
1052 1598 1102 1664 sed

135 1706 192 1769 per
219 1685 306 1749 uuicos
338 1684 499 1747 tractuum
527 1682 726 1745 fecundatur.
774 1703 859 1746 noua
887 1705 1021 1767 prorsus
1046 1684 1103 1748 fuit

135 1769 293 1833 honoram
310 1768 553 1833 deferendorum
576 1771 608 1830 et-
629 1767 794 1850 insperata
816 1769 999 1852 congestio.
1029 1791 1103 1834 non·

136 1854 209 1917 dum
243 1858 361 1917 statum
394 1875 486 1916 sumn
520 1851 660 1915 siderum
694 1851 851 1915 curricula
884 1856 1104 1918 mutauerant:

135 1937 198 1999 iam
214 1939 364 2021 princeps
387 1959 512 2002 cursum
529 1935 699 2083 dignitatis
718 1935 849 2000 atterius
867 1938 1104 2021 commonebat3

98 2042 123 2081 so
137 2020 301 2085 etiamtum
325 2022 373 2084 sol
397 2022 436 2083 ob
460 2041 559 2084 eorun
584 2043 633 2084 em
663 2022 821 2084 astrorum
849 2022 985 2107 regione
1007 2022 1105 2087 radia·

137 2106 209 2169 bat:
254 2106 316 2169 iam
349 2107 514 2189 Augustus
546 2104 643 2169 tertia
675 2106 883 2202 magistratus
916 2109 982 2171 mei
1015 2109 1106 2193 signa

135 2191 387 2255 transcenderat.
447 2211 557 2273 uaeso,
578 2211 644 2254 non
668 2190 758 2254 uobrs
780 2191 887 2255 inanis
909 2192 1035 2276 gloriae
1058 2213 1106 2257 eu-

136 2275 331 2358 pidissimus‚
352 2212 575 2359 rronbagrms
591 2275 768 2339 ambitione
783 2273 920 2339 notabili
935 2276 1105 2357 uideretur,

137 2361 164 2423 si
191 2362 262 2444 quis
290 2362 324 2424 iu
352 2383 385 2425 se
407 2363 499 2424 tanta
526 2359 647 2442 pariter
674 2362 819 2441 optasset
846 2363 968 2443 quauta
997 2362 1032 2425 in
1058 2381 1104 2424 me

98 2463 123 2502 aa
137 2466 201 2507 uno
223 2449 367 2510 terrrrore
390 2446 557 2528 Augustus
580 2443 738 2529 ingessit?

200 2468 319 2592 xuni.
357 2529 504 2593 Habitari
528 2529 569 2592 ab
592 2527 684 2591 iustis
706 2527 784 2591 uiris
806 2528 839 2590 in
863 2548 986 2593 oceano
1008 2532 1105 2593 terras

137 2613 246 2675 ferunt
268 2634 346 2695 qaus
369 2613 615 2677 Fortunatorunr
638 2613 758 2676 insulas
781 2616 914 2692 uocant,
944 2614 1032 2697 quod
1054 2634 1106 2697 per

138 2716 190 2758 eas
213 2716 277 2757 non
300 2699 389 2758 arato
412 2697 481 2759 solo
504 2697 667 2762 frumenta
689 2699 873 2779 naseuntur,
897 2697 1043 2761 fortuitis
1063 2698 1106 2760 ui·

137 2778 222 2840 tibus
251 2778 326 2861 iuga
356 2778 482 2842 collium
510 2782 706 2861 uestiuntur,
737 2784 852 2865 sponte
880 2782 985 2864 pomis
1014 2782 1105 2846 arbor

99 2865 298 2946 adgrauatur,
323 2861 362 2926 ad
386 2863 556 2927 herbarum
578 2865 679 2930 uicem
704 2867 773 2931 olus
795 2866 894 2949 uulgo
918 2870 979 2929 est.
1009 2888 1106 2950 quan-

137 2945 205 3010 tula
231 2947 294 3010 ista
322 2952 412 3031 sunt,
446 2950 473 3012 si
501 2948 594 3013 deum
623 2954 784 3014 auctorem
812 2948 1011 3029 consideres,
1042 2972 1105 3013 mu-

136 3032 237 3096 nera?
260 3054 376 3117 nempe
397 3033 491 3098 nobis
513 3056 649 3118 quoque,
672 3056 743 3099 eum
765 3055 878 3119 agrum
900 3055 968 3098 non
989 3034 1106 3099 nostris

141 3173 342 3181 -—..---—

205 3257 372 3306 thanorum
391 3257 483 3319 Cusp:
502 3271 634 3307 annorum
652 3258 680 3303 Ι
700 3253 711 3320 11
732 3259 747 3306 'l
766 3255 961 3319 multiplieiter·
979 3258 996 3304 c
1011 3254 1017 3319 Ι
1034 3260 1108 3306 certa

137 3323 158 3371 B
175 3327 192 3371 c
209 3326 232 3372 V
256 3321 266 3388 11
291 3327 305 3374 9
324 3323 497 3386 desponsatio
515 3326 538 3373 Δ
561 3323 571 3389 11
597 3326 627 3373 12
645 3337 767 3373 meorum
785 3324 933 3373 Acidaliae:
957 3328 1067 3374 tuorum
1084 3322 1109 3370 Ι

137 3388 146 3454 11
165 3393 196 3440 15
215 3391 315 3442 efferta
332 3392 356 3440 A
373 3391 393 3438 B
412 3391 433 3438 V
456 3389 467 3455 1
490 3395 523 3441 20
542 3398 570 3442 et
587 3393 642 3441 iam
659 3395 717 3440 tum
734 3393 774 3451 Μ,
794 3406 863 3441 corr.
881 3392 1017 3441 Liuineius
1034 3394 1110 3457 {post

139 3457 267 3508 radiabat
284 3459 358 3509 Bere.
377 3462 405 3508 et
423 3460 482 3508 add.
500 3458 510 3523 11
531 3462 563 3508 22
582 3474 636 3510 non
655 3460 728 3508 edd:
747 3474 812 3507 num
829 3460 857 3505 Ι
875 3457 949 3508 Bert.
971 3456 984 3523 1
1004 3461 1039 3510 23
1058 3472 1110 3509 non

138 3525 210 3573 edd:
238 3540 301 3573 num
319 3526 346 3572 Μ
364 3526 438 3575 Bert.
468 3523 478 3590 11
508 3528 539 3575 26
559 3525 695 3576 habitaris
715 3525 749 3575 ab
767 3527 790 3574 Δ
815 3526 820 3587 1
847 3530 936 3575 terras
955 3526 985 3575 iu
1005 3542 1110 3578 oceano

136 3592 157 3639 B
176 3593 193 3638 c
212 3591 233 3638 V
251 3592 284 3639 W
303 3590 313 3657 11
338 3594 370 3642 ‘28
388 3593 496 3643 uicibus
514 3593 547 3640 W

729 1090 910 1173 ispensatio
936 1092 1093 1179 largiendi.
1135 1120 1140 1159 r

1133 962 1140 1035 t
