<?xml version="1.0" encoding="UTF-8"?>
<!DOCTYPE html PUBLIC "-//W3C//DTD XHTML 1.0 Transitional//EN"
    "http://www.w3.org/TR/xhtml1/DTD/xhtml1-transitional.dtd">
<html xmlns="http://www.w3.org/1999/xhtml" xml:lang="en" lang="en">
 <head>
  <title>
</title>
<meta http-equiv="Content-Type" content="text/html;charset=utf-8" />
  <meta name='ocr-system' content='tesseract 3.04.00' />
  <meta name='ocr-capabilities' content='ocr_page ocr_carea ocr_par ocr_line ocrx_word'/>
</head>
<body>
  <div class='ocr_page' id='page_1' title='image "./xiipanegyricila01baehgoog_0114.png"; bbox 0 0 2406 4012; ppageno 0'>
   <div class='ocr_carea' id='block_1_1' title="bbox 388 192 1052 259">
    <p class='ocr_par' dir='ltr' id='par_1_1' title="bbox 388 192 1052 259">
     <span class='ocr_line' id='line_1_1' title="bbox 388 192 1052 259; baseline 0 -14"><span class='ocrx_word' id='word_1_1' title='bbox 388 192 551 245; x_wconf 74' lang='lat' dir='ltr'><strong>rumano</strong></span> <span class='ocrx_word' id='word_1_2' title='bbox 570 195 603 246; x_wconf 88' lang='lat' dir='ltr'><strong>n.</strong></span> <span class='ocrx_word' id='word_1_3' title='bbox 638 196 749 246; x_wconf 81' lang='lat' dir='ltr'><strong>ss-ee.</strong></span> <span class='ocrx_word' id='word_1_4' title='bbox 1011 194 1052 259; x_wconf 78' lang='lat'><strong>81</strong></span> 
     </span>
    </p>
   </div>
   <div class='ocr_carea' id='block_1_2' title="bbox 24 340 1093 2291">
    <p class='ocr_par' dir='ltr' id='par_1_2' title="bbox 24 340 1093 2291">
     <span class='ocr_line' id='line_1_2' title="bbox 71 340 1052 429; baseline 0.001 -20"><span class='ocrx_word' id='word_1_5' title='bbox 71 362 208 409; x_wconf 84' lang='lat' dir='ltr'><strong>amares</strong></span> <span class='ocrx_word' id='word_1_6' title='bbox 230 363 303 407; x_wconf 91' lang='lat' dir='ltr'><strong>eum</strong></span> <span class='ocrx_word' id='word_1_7' title='bbox 330 340 488 407; x_wconf 88' lang='lat' dir='ltr'><strong>desiderio</strong></span> <span class='ocrx_word' id='word_1_8' title='bbox 517 345 666 426; x_wconf 88' lang='lat' dir='ltr'><strong>expertus</strong></span> <span class='ocrx_word' id='word_1_9' title='bbox 694 365 739 427; x_wconf 90' lang='lat' dir='ltr'><strong>es,</strong></span> <span class='ocrx_word' id='word_1_10' title='bbox 768 343 939 409; x_wconf 86' lang='lat' dir='ltr'><strong>distractus</strong></span> <span class='ocrx_word' id='word_1_11' title='bbox 962 366 1052 429; x_wconf 90' lang='lat' dir='ltr'><strong>sepa·</strong></span> 
     </span>
     <span class='ocr_line' id='line_1_3' title="bbox 74 426 1053 523; baseline 0.003 -31"><span class='ocrx_word' id='word_1_12' title='bbox 74 432 248 523; x_wconf 83' lang='lat' dir='ltr'><strong>ratusque,</strong></span> <span class='ocrx_word' id='word_1_13' title='bbox 282 426 357 491; x_wconf 91' lang='lat' dir='ltr'><strong>dum</strong></span> <span class='ocrx_word' id='word_1_14' title='bbox 384 426 471 492; x_wconf 89' lang='lat' dir='ltr'><strong>cedis</strong></span> <span class='ocrx_word' id='word_1_15' title='bbox 499 429 532 491; x_wconf 91' lang='lat' dir='ltr'><strong>et</strong></span> <span class='ocrx_word' id='word_1_16' title='bbox 558 427 707 492; x_wconf 77' lang='lat' dir='ltr'><strong>runcoris.</strong></span> <span class='ocrx_word' id='word_1_17' title='bbox 749 428 809 513; x_wconf 85' lang='lat' dir='ltr'><strong>ita,</strong></span> <span class='ocrx_word' id='word_1_18' title='bbox 843 427 928 513; x_wconf 92' lang='lat' dir='ltr'><strong>quod</strong></span> <span class='ocrx_word' id='word_1_19' title='bbox 954 429 1053 495; x_wconf 88' lang='lat' dir='ltr'><strong>fando</strong></span> 
     </span>
     <span class='ocr_line' id='line_1_4' title="bbox 74 511 1054 596; baseline 0.001 -18"><span class='ocrx_word' id='word_1_20' title='bbox 74 513 262 579; x_wconf 84' lang='lat' dir='ltr'><strong>inaudrtum</strong></span> <span class='ocrx_word' id='word_1_21' title='bbox 294 532 364 576; x_wconf 90' lang='lat' dir='ltr'><strong>cum</strong></span> <span class='ocrx_word' id='word_1_22' title='bbox 384 511 535 595; x_wconf 89' lang='lat' dir='ltr'><strong>princeps</strong></span> <span class='ocrx_word' id='word_1_23' title='bbox 556 514 590 576; x_wconf 89' lang='lat' dir='ltr'><strong>et</strong></span> <span class='ocrx_word' id='word_1_24' title='bbox 609 512 714 596; x_wconf 89' lang='lat' dir='ltr'><strong>princi</strong></span> <span class='ocrx_word' id='word_1_25' title='bbox 736 513 765 576; x_wconf 90' lang='lat' dir='ltr'><strong>is</strong></span> <span class='ocrx_word' id='word_1_26' title='bbox 786 514 907 579; x_wconf 75' lang='lat' dir='ltr'><strong>micus</strong></span> <span class='ocrx_word' id='word_1_27' title='bbox 927 511 1054 579; x_wconf 87' lang='lat' dir='ltr'><strong>diuersa</strong></span> 
     </span>
     <span class='ocr_line' id='line_1_5' title="bbox 74 535 1052 693; baseline 0.002 -31"><span class='ocrx_word' id='word_1_28' title='bbox 74 595 217 680; x_wconf 83' lang='lat' dir='ltr'><strong>nolletis,</strong></span> <span class='ocrx_word' id='word_1_29' title='bbox 238 560 548 693; x_wconf 63' lang='lat' dir='ltr'><strong>tripedaneam</strong></span> <span class='ocrx_word' id='word_1_30' title='bbox 575 601 625 661; x_wconf 87' lang='lat' dir='ltr'><strong>est</strong></span> <span class='ocrx_word' id='word_1_31' title='bbox 653 535 736 682; x_wconf 64' lang='lat' dir='ltr'><strong>quoi</strong></span> <span class='ocrx_word' id='word_1_32' title='bbox 764 598 884 664; x_wconf 89' lang='lat' dir='ltr'><strong>amicus</strong></span> <span class='ocrx_word' id='word_1_33' title='bbox 912 598 1052 664; x_wconf 87' lang='lat' dir='ltr'><strong>uolebat.</strong></span> 
     </span>
     <span class='ocr_line' id='line_1_6' title="bbox 75 679 1079 768; baseline -0.002 -21"><span class='ocrx_word' id='word_1_34' title='bbox 75 703 98 747; x_wconf 96' lang='lat' dir='ltr'><strong>o</strong></span> <span class='ocrx_word' id='word_1_35' title='bbox 120 701 191 746; x_wconf 90' lang='lat' dir='ltr'><strong>rem</strong></span> <span class='ocrx_word' id='word_1_36' title='bbox 210 701 382 745; x_wconf 82' lang='lat' dir='ltr'><strong>memoriae</strong></span> <span class='ocrx_word' id='word_1_37' title='bbox 402 679 580 764; x_wconf 83' lang='lat' dir='ltr'><strong>htterrsque</strong></span> <span class='ocrx_word' id='word_1_38' title='bbox 601 682 833 748; x_wconf 82' lang='lat' dir='ltr'><strong>mandandam!</strong></span> <span class='ocrx_word' id='word_1_39' title='bbox 855 683 1079 768; x_wconf 77' lang='lat' dir='ltr'><strong>praefectums</strong></span> 
     </span>
     <span class='ocr_line' id='line_1_7' title="bbox 24 764 1052 851; baseline 0.003 -21"><span class='ocrx_word' id='word_1_40' title='bbox 24 790 27 795; x_wconf 94' lang='lat'>·</span> <span class='ocrx_word' id='word_1_41' title='bbox 78 765 244 851; x_wconf 88' lang='lat' dir='ltr'><strong>praetorio</strong></span> <span class='ocrx_word' id='word_1_42' title='bbox 265 786 332 829; x_wconf 92' lang='lat' dir='ltr'><strong>non</strong></span> <span class='ocrx_word' id='word_1_43' title='bbox 355 786 394 829; x_wconf 85' lang='lat' dir='ltr'><strong>ex</strong></span> <span class='ocrx_word' id='word_1_44' title='bbox 416 765 639 851; x_wconf 74' lang='lat' dir='ltr'><strong>ingerentibus</strong></span> <span class='ocrx_word' id='word_1_45' title='bbox 659 787 704 851; x_wconf 87' lang='lat' dir='ltr'><strong>se,</strong></span> <span class='ocrx_word' id='word_1_46' title='bbox 726 767 782 831; x_wconf 87' lang='lat' dir='ltr'><strong>sed</strong></span> <span class='ocrx_word' id='word_1_47' title='bbox 804 789 843 832; x_wconf 84' lang='lat' dir='ltr'><strong>ex</strong></span> <span class='ocrx_word' id='word_1_48' title='bbox 864 764 1052 833; x_wconf 86' lang='lat' dir='ltr'><strong>subtrahen-</strong></span> 
     </span>
     <span class='ocr_line' id='line_1_8' title="bbox 76 849 1054 935; baseline 0.003 -20"><span class='ocrx_word' id='word_1_49' title='bbox 76 851 168 915; x_wconf 84' lang='lat' dir='ltr'><strong>tibus</strong></span> <span class='ocrx_word' id='word_1_50' title='bbox 188 849 294 935; x_wconf 88' lang='lat' dir='ltr'><strong>legere</strong></span> <span class='ocrx_word' id='word_1_51' title='bbox 316 850 513 934; x_wconf 91' lang='lat' dir='ltr'><strong>eundemque</strong></span> <span class='ocrx_word' id='word_1_52' title='bbox 543 850 610 914; x_wconf 89' lang='lat' dir='ltr'><strong>otio</strong></span> <span class='ocrx_word' id='word_1_53' title='bbox 633 851 716 934; x_wconf 90' lang='lat' dir='ltr'><strong>quod</strong></span> <span class='ocrx_word' id='word_1_54' title='bbox 739 853 948 934; x_wconf 77' lang='lat' dir='ltr'><strong>pertinaciter</strong></span> <span class='ocrx_word' id='word_1_55' title='bbox 969 857 1054 918; x_wconf 87' lang='lat' dir='ltr'><strong>amet</strong></span> 
     </span>
     <span class='ocr_line' id='line_1_9' title="bbox 78 934 1055 1020; baseline 0 -19"><span class='ocrx_word' id='word_1_56' title='bbox 78 934 223 1017; x_wconf 86' lang='lat' dir='ltr'><strong>reddere,</strong></span> <span class='ocrx_word' id='word_1_57' title='bbox 247 955 382 1019; x_wconf 91' lang='lat' dir='ltr'><strong>cumque</strong></span> <span class='ocrx_word' id='word_1_58' title='bbox 397 934 440 999; x_wconf 90' lang='lat' dir='ltr'><strong>sis</strong></span> <span class='ocrx_word' id='word_1_59' title='bbox 455 935 525 1019; x_wconf 88' lang='lat' dir='ltr'><strong>ipse</strong></span> <span class='ocrx_word' id='word_1_60' title='bbox 545 934 704 1000; x_wconf 90' lang='lat' dir='ltr'><strong>distentus</strong></span> <span class='ocrx_word' id='word_1_61' title='bbox 724 935 850 1020; x_wconf 91' lang='lat' dir='ltr'><strong>imperii</strong></span> <span class='ocrx_word' id='word_1_62' title='bbox 871 937 965 1019; x_wconf 89' lang='lat' dir='ltr'><strong>curis,</strong></span> <span class='ocrx_word' id='word_1_63' title='bbox 987 959 1055 1001; x_wconf 93' lang='lat' dir='ltr'><strong>non</strong></span> 
     </span>
     <span class='ocr_line' id='line_1_10' title="bbox 78 1017 1054 1106; baseline 0.001 -21"><span class='ocrx_word' id='word_1_64' title='bbox 78 1017 198 1105; x_wconf 86' lang='lat' dir='ltr'><strong>quietis</strong></span> <span class='ocrx_word' id='word_1_65' title='bbox 219 1019 357 1104; x_wconf 82' lang='lat' dir='ltr'><strong>gratiam</strong></span> <span class='ocrx_word' id='word_1_66' title='bbox 379 1019 525 1103; x_wconf 88' lang='lat' dir='ltr'><strong>cuiquam</strong></span> <span class='ocrx_word' id='word_1_67' title='bbox 545 1019 700 1085; x_wconf 89' lang='lat' dir='ltr'><strong>inuidere.</strong></span> <span class='ocrx_word' id='word_1_68' title='bbox 731 1020 959 1106; x_wconf 79' lang='lat' dir='ltr'><strong>intellegimus,</strong></span> <span class='ocrx_word' id='word_1_69' title='bbox 977 1020 1054 1087; x_wconf 82' lang='lat' dir='ltr'><strong>an-</strong></span> 
     </span>
     <span class='ocr_line' id='line_1_11' title="bbox 77 1103 1093 1255; baseline -0.002 -86"><span class='ocrx_word' id='word_1_70' title='bbox 77 1125 149 1183; x_wconf 85' lang='lat' dir='ltr'><strong>ear,</strong></span> <span class='ocrx_word' id='word_1_71' title='bbox 180 1106 385 1252; x_wconf 53' lang='lat' dir='ltr'><strong>qauaqtqqram</strong></span> <span class='ocrx_word' id='word_1_72' title='bbox 372 1103 433 1168; x_wconf 88' lang='lat' dir='ltr'><strong>tibi</strong></span> <span class='ocrx_word' id='word_1_73' title='bbox 463 1125 523 1188; x_wconf 89' lang='lat' dir='ltr'><strong>pro</strong></span> <span class='ocrx_word' id='word_1_74' title='bbox 561 1104 719 1254; x_wconf 60' lang='lat' dir='ltr'><strong>lapioriosa</strong></span> <span class='ocrx_word' id='word_1_75' title='bbox 749 1105 823 1255; x_wconf 53' lang='lat' dir='ltr'><strong>¹iqtat</strong></span> <span class='ocrx_word' id='word_1_76' title='bbox 847 1105 989 1170; x_wconf 86' lang='lat' dir='ltr'><strong>statione</strong></span> <span class='ocrx_word' id='word_1_77' title='bbox 1019 1109 1093 1171; x_wconf 81' lang='lat' dir='ltr'><strong>etro</strong></span> 
     </span>
     <span class='ocr_line' id='line_1_12' title="bbox 80 1208 1052 1256; baseline 0.002 -3"><span class='ocrx_word' id='word_1_78' title='bbox 80 1208 190 1253; x_wconf 85' lang='lat' dir='ltr'><strong>exercr</strong></span> <span class='ocrx_word' id='word_1_79' title='bbox 274 1209 291 1253; x_wconf 90' lang='lat' dir='ltr'><strong>e</strong></span> <span class='ocrx_word' id='word_1_80' title='bbox 385 1209 422 1253; x_wconf 89' lang='lat' dir='ltr'><strong>us</strong></span> <span class='ocrx_word' id='word_1_81' title='bbox 473 1210 546 1253; x_wconf 94' lang='lat' dir='ltr'><strong>cum</strong></span> <span class='ocrx_word' id='word_1_82' title='bbox 573 1210 592 1253; x_wconf 94' lang='lat' dir='ltr'><strong>o</strong></span> <span class='ocrx_word' id='word_1_83' title='bbox 620 1211 674 1255; x_wconf 92' lang='lat' dir='ltr'><strong>um</strong></span> <span class='ocrx_word' id='word_1_84' title='bbox 703 1211 722 1254; x_wconf 92' lang='lat' dir='ltr'><strong>a</strong></span> <span class='ocrx_word' id='word_1_85' title='bbox 821 1212 876 1255; x_wconf 88' lang='lat' dir='ltr'><strong>am</strong></span> <span class='ocrx_word' id='word_1_86' title='bbox 899 1212 973 1255; x_wconf 86' lang='lat' dir='ltr'><strong>uam</strong></span> <span class='ocrx_word' id='word_1_87' title='bbox 1000 1213 1052 1256; x_wconf 81' lang='lat' dir='ltr'><strong>res</strong></span> 
     </span>
     <span class='ocr_line' id='line_1_13' title="bbox 78 1213 1053 1371; baseline 0.002 -33"><span class='ocrx_word' id='word_1_88' title='bbox 78 1273 206 1371; x_wconf 86' lang='lat' dir='ltr'><strong>optima</strong></span> <span class='ocrx_word' id='word_1_89' title='bbox 227 1276 261 1337; x_wconf 90' lang='lat' dir='ltr'><strong>et</strong></span> <span class='ocrx_word' id='word_1_90' title='bbox 281 1276 411 1356; x_wconf 90' lang='lat' dir='ltr'><strong>petatur</strong></span> <span class='ocrx_word' id='word_1_91' title='bbox 430 1238 465 1337; x_wconf 79' lang='lat' dir='ltr'><strong>&#39;et</strong></span> <span class='ocrx_word' id='word_1_92' title='bbox 487 1273 588 1339; x_wconf 90' lang='lat' dir='ltr'><strong>detur.</strong></span> <span class='ocrx_word' id='word_1_93' title='bbox 624 1296 720 1358; x_wconf 91' lang='lat' dir='ltr'><strong>quam</strong></span> <span class='ocrx_word' id='word_1_94' title='bbox 742 1296 802 1361; x_wconf 92' lang='lat' dir='ltr'><strong>ego</strong></span> <span class='ocrx_word' id='word_1_95' title='bbox 824 1213 919 1340; x_wconf 77' lang='lat' dir='ltr'><strong>audio</strong></span> <span class='ocrx_word' id='word_1_96' title='bbox 942 1275 1053 1340; x_wconf 81' lang='lat' dir='ltr'><strong>confu-</strong></span> 
     </span>
     <span class='ocr_line' id='line_1_14' title="bbox 79 1357 1051 1445; baseline 0.002 -24"><span class='ocrx_word' id='word_1_97' title='bbox 79 1378 207 1422; x_wconf 77' lang='lat' dir='ltr'><strong>sionem</strong></span> <span class='ocrx_word' id='word_1_98' title='bbox 220 1358 313 1421; x_wconf 86' lang='lat' dir='ltr'><strong>tuam</strong></span> <span class='ocrx_word' id='word_1_99' title='bbox 325 1357 435 1440; x_wconf 88' lang='lat' dir='ltr'><strong>fuisse,</strong></span> <span class='ocrx_word' id='word_1_100' title='bbox 459 1378 532 1421; x_wconf 90' lang='lat' dir='ltr'><strong>cum</strong></span> <span class='ocrx_word' id='word_1_101' title='bbox 553 1358 786 1443; x_wconf 81' lang='lat' dir='ltr'><strong>digredientem</strong></span> <span class='ocrx_word' id='word_1_102' title='bbox 801 1362 1051 1445; x_wconf 82' lang='lat' dir='ltr'><strong>prosequereris!</strong></span> 
     </span>
     <span class='ocr_line' id='line_1_15' title="bbox 80 1442 1052 1529; baseline 0.003 -22"><span class='ocrx_word' id='word_1_103' title='bbox 80 1443 272 1527; x_wconf 85' lang='lat' dir='ltr'><strong>prosecutus</strong></span> <span class='ocrx_word' id='word_1_104' title='bbox 294 1462 328 1506; x_wconf 85' lang='lat' dir='ltr'><strong>es</strong></span> <span class='ocrx_word' id='word_1_105' title='bbox 350 1442 437 1506; x_wconf 92' lang='lat' dir='ltr'><strong>enim</strong></span> <span class='ocrx_word' id='word_1_106' title='bbox 463 1464 524 1507; x_wconf 90' lang='lat' dir='ltr'><strong>nec</strong></span> <span class='ocrx_word' id='word_1_107' title='bbox 552 1446 740 1528; x_wconf 85' lang='lat' dir='ltr'><strong>temperasti</strong></span> <span class='ocrx_word' id='word_1_108' title='bbox 768 1445 829 1510; x_wconf 84' lang='lat' dir='ltr'><strong>tibi</strong></span> <span class='ocrx_word' id='word_1_109' title='bbox 857 1466 919 1529; x_wconf 92' lang='lat' dir='ltr'><strong>quo</strong></span> <span class='ocrx_word' id='word_1_110' title='bbox 946 1445 1052 1510; x_wconf 90' lang='lat' dir='ltr'><strong>minus</strong></span> 
     </span>
     <span class='ocr_line' id='line_1_16' title="bbox 78 1526 1093 1612; baseline -0.001 -22"><span class='ocrx_word' id='word_1_111' title='bbox 78 1526 212 1591; x_wconf 84' lang='lat' dir='ltr'><strong>exeunti</strong></span> <span class='ocrx_word' id='word_1_112' title='bbox 239 1526 275 1590; x_wconf 91' lang='lat' dir='ltr'><strong>in</strong></span> <span class='ocrx_word' id='word_1_113' title='bbox 301 1526 394 1591; x_wconf 88' lang='lat' dir='ltr'><strong>litere</strong></span> <span class='ocrx_word' id='word_1_114' title='bbox 429 1527 609 1612; x_wconf 84' lang='lat' dir='ltr'><strong>amplexus,</strong></span> <span class='ocrx_word' id='word_1_115' title='bbox 646 1530 789 1594; x_wconf 90' lang='lat' dir='ltr'><strong>osculum</strong></span> <span class='ocrx_word' id='word_1_116' title='bbox 816 1530 926 1594; x_wconf 87' lang='lat' dir='ltr'><strong>ferres.</strong></span> <span class='ocrx_word' id='word_1_117' title='bbox 963 1529 1054 1593; x_wconf 90' lang='lat' dir='ltr'><strong>stetit</strong></span> <span class='ocrx_word' id='word_1_118' title='bbox 1066 1548 1093 1589; x_wconf 78' lang='lat' dir='ltr'><strong>re</strong></span> 
     </span>
     <span class='ocr_line' id='line_1_17' title="bbox 79 1609 1053 1698; baseline 0 -21"><span class='ocrx_word' id='word_1_119' title='bbox 79 1609 202 1677; x_wconf 79' lang='lat' dir='ltr'><strong>Caesar</strong></span> <span class='ocrx_word' id='word_1_120' title='bbox 222 1610 259 1674; x_wconf 90' lang='lat' dir='ltr'><strong>in</strong></span> <span class='ocrx_word' id='word_1_121' title='bbox 280 1611 337 1675; x_wconf 91' lang='lat' dir='ltr'><strong>illa</strong></span> <span class='ocrx_word' id='word_1_122' title='bbox 362 1611 522 1677; x_wconf 81' lang='lat' dir='ltr'><strong>amicitiae</strong></span> <span class='ocrx_word' id='word_1_123' title='bbox 549 1614 695 1697; x_wconf 89' lang='lat' dir='ltr'><strong>specula,</strong></span> <span class='ocrx_word' id='word_1_124' title='bbox 724 1614 816 1678; x_wconf 88' lang='lat' dir='ltr'><strong>stetit</strong></span> <span class='ocrx_word' id='word_1_125' title='bbox 841 1615 1053 1698; x_wconf 82' lang='lat' dir='ltr'><strong>precatusque</strong></span> 
     </span>
     <span class='ocr_line' id='line_1_18' title="bbox 79 1694 1053 1796; baseline 0.002 -36"><span class='ocrx_word' id='word_1_126' title='bbox 79 1696 133 1760; x_wconf 85' lang='lat' dir='ltr'><strong>est</strong></span> <span class='ocrx_word' id='word_1_127' title='bbox 152 1694 285 1760; x_wconf 86' lang='lat' dir='ltr'><strong>abeunti</strong></span> <span class='ocrx_word' id='word_1_128' title='bbox 311 1716 414 1780; x_wconf 89' lang='lat' dir='ltr'><strong>prona</strong></span> <span class='ocrx_word' id='word_1_129' title='bbox 434 1697 537 1762; x_wconf 86' lang='lat' dir='ltr'><strong>maria</strong></span> <span class='ocrx_word' id='word_1_130' title='bbox 560 1697 771 1796; x_wconf 78' lang='lat' dir='ltr'><strong>celeremque,</strong></span> <span class='ocrx_word' id='word_1_131' title='bbox 801 1698 829 1761; x_wconf 92' lang='lat' dir='ltr'><strong>si</strong></span> <span class='ocrx_word' id='word_1_132' title='bbox 850 1701 961 1762; x_wconf 88' lang='lat' dir='ltr'><strong>tamen</strong></span> <span class='ocrx_word' id='word_1_133' title='bbox 983 1697 1053 1781; x_wconf 85' lang='lat' dir='ltr'><strong>ipse</strong></span> 
     </span>
     <span class='ocr_line' id='line_1_19' title="bbox 77 1778 1053 1866; baseline 0.002 -21"><span class='ocrx_word' id='word_1_134' title='bbox 77 1778 250 1866; x_wconf 86' lang='lat' dir='ltr'><strong>uoluisset,</strong></span> <span class='ocrx_word' id='word_1_135' title='bbox 285 1801 448 1847; x_wconf 89' lang='lat' dir='ltr'><strong>recursum</strong></span> <span class='ocrx_word' id='word_1_136' title='bbox 480 1804 542 1847; x_wconf 92' lang='lat' dir='ltr'><strong>nec</strong></span> <span class='ocrx_word' id='word_1_137' title='bbox 577 1783 730 1847; x_wconf 83' lang='lat' dir='ltr'><strong>eustinmt</strong></span> <span class='ocrx_word' id='word_1_138' title='bbox 756 1782 958 1848; x_wconf 86' lang='lat' dir='ltr'><strong>recedentem</strong></span> <span class='ocrx_word' id='word_1_139' title='bbox 986 1803 1053 1847; x_wconf 91' lang='lat' dir='ltr'><strong>non</strong></span> 
     </span>
     <span class='ocr_line' id='line_1_20' title="bbox 77 1864 1053 1952; baseline 0.001 -22"><span class='ocrx_word' id='word_1_140' title='bbox 77 1864 184 1930; x_wconf 80' lang='lat' dir='ltr'><strong>etiam</strong></span> <span class='ocrx_word' id='word_1_141' title='bbox 204 1866 298 1950; x_wconf 90' lang='lat' dir='ltr'><strong>atque</strong></span> <span class='ocrx_word' id='word_1_142' title='bbox 320 1866 418 1931; x_wconf 88' lang='lat' dir='ltr'><strong>etiem</strong></span> <span class='ocrx_word' id='word_1_143' title='bbox 438 1867 535 1950; x_wconf 90' lang='lat' dir='ltr'><strong>uotis,</strong></span> <span class='ocrx_word' id='word_1_144' title='bbox 558 1867 698 1932; x_wconf 86' lang='lat' dir='ltr'><strong>lacrimis</strong></span> <span class='ocrx_word' id='word_1_145' title='bbox 721 1869 821 1952; x_wconf 90' lang='lat' dir='ltr'><strong>sequi.</strong></span> <span class='ocrx_word' id='word_1_146' title='bbox 856 1889 932 1933; x_wconf 85' lang='lat' dir='ltr'><strong>nam</strong></span> <span class='ocrx_word' id='word_1_147' title='bbox 954 1868 994 1931; x_wconf 91' lang='lat' dir='ltr'><strong>de</strong></span> <span class='ocrx_word' id='word_1_148' title='bbox 1015 1867 1053 1931; x_wconf 92' lang='lat' dir='ltr'><strong>li-</strong></span> 
     </span>
     <span class='ocr_line' id='line_1_21' title="bbox 79 1948 1092 2037; baseline 0 -23"><span class='ocrx_word' id='word_1_149' title='bbox 79 1948 251 2015; x_wconf 84' lang='lat' dir='ltr'><strong>beralitate</strong></span> <span class='ocrx_word' id='word_1_150' title='bbox 283 1953 385 2016; x_wconf 84' lang='lat' dir='ltr'><strong>tacoo.</strong></span> <span class='ocrx_word' id='word_1_151' title='bbox 430 1951 544 2035; x_wconf 90' lang='lat' dir='ltr'><strong>quibus</strong></span> <span class='ocrx_word' id='word_1_152' title='bbox 583 1951 667 2016; x_wconf 93' lang='lat' dir='ltr'><strong>enim</strong></span> <span class='ocrx_word' id='word_1_153' title='bbox 705 1953 888 2018; x_wconf 91' lang='lat' dir='ltr'><strong>muneribus</strong></span> <span class='ocrx_word' id='word_1_154' title='bbox 922 1952 1052 2037; x_wconf 88' lang='lat' dir='ltr'><strong>aequari</strong></span> <span class='ocrx_word' id='word_1_155' title='bbox 1065 1973 1092 2014; x_wconf 81' lang='lat' dir='ltr'><strong>re</strong></span> 
     </span>
     <span class='ocr_line' id='line_1_22' title="bbox 80 2033 1052 2122; baseline 0.003 -23"><span class='ocrx_word' id='word_1_156' title='bbox 80 2033 164 2099; x_wconf 84' lang='lat' dir='ltr'><strong>haec</strong></span> <span class='ocrx_word' id='word_1_157' title='bbox 185 2055 262 2099; x_wconf 88' lang='lat' dir='ltr'><strong>oura</strong></span> <span class='ocrx_word' id='word_1_158' title='bbox 306 2035 448 2120; x_wconf 87' lang='lat' dir='ltr'><strong>rincipis,</strong></span> <span class='ocrx_word' id='word_1_159' title='bbox 469 2035 550 2101; x_wconf 91' lang='lat' dir='ltr'><strong>haee</strong></span> <span class='ocrx_word' id='word_1_160' title='bbox 576 2037 735 2120; x_wconf 86' lang='lat' dir='ltr'><strong>patientia</strong></span> <span class='ocrx_word' id='word_1_161' title='bbox 760 2041 875 2122; x_wconf 89' lang='lat' dir='ltr'><strong>potest,</strong></span> <span class='ocrx_word' id='word_1_162' title='bbox 904 2060 967 2122; x_wconf 89' lang='lat' dir='ltr'><strong>qua</strong></span> <span class='ocrx_word' id='word_1_163' title='bbox 987 2060 1052 2102; x_wconf 92' lang='lat' dir='ltr'><strong>me-</strong></span> 
     </span>
     <span class='ocr_line' id='line_1_23' title="bbox 80 2057 1053 2207; baseline 0.002 -23"><span class='ocrx_word' id='word_1_164' title='bbox 80 2119 177 2184; x_wconf 82' lang='lat' dir='ltr'><strong>nn&#39;eti</strong></span> <span class='ocrx_word' id='word_1_165' title='bbox 208 2122 245 2184; x_wconf 93' lang='lat' dir='ltr'><strong>ut</strong></span> <span class='ocrx_word' id='word_1_166' title='bbox 276 2057 331 2185; x_wconf 84' lang='lat' dir='ltr'><strong>ille</strong></span> <span class='ocrx_word' id='word_1_167' title='bbox 364 2121 426 2185; x_wconf 87' lang='lat' dir='ltr'><strong>sibi</strong></span> <span class='ocrx_word' id='word_1_168' title='bbox 458 2121 594 2187; x_wconf 90' lang='lat' dir='ltr'><strong>nimium</strong></span> <span class='ocrx_word' id='word_1_169' title='bbox 629 2121 722 2187; x_wconf 86' lang='lat' dir='ltr'><strong>sortis</strong></span> <span class='ocrx_word' id='word_1_170' title='bbox 758 2144 796 2188; x_wconf 91' lang='lat' dir='ltr'><strong>ac</strong></span> <span class='ocrx_word' id='word_1_171' title='bbox 826 2143 923 2207; x_wconf 85' lang='lat' dir='ltr'><strong>prope</strong></span> <span class='ocrx_word' id='word_1_172' title='bbox 956 2124 1053 2187; x_wconf 89' lang='lat' dir='ltr'><strong>durus</strong></span> 
     </span>
     <span class='ocr_line' id='line_1_24' title="bbox 81 2203 1053 2291; baseline 0 -22"><span class='ocrx_word' id='word_1_173' title='bbox 81 2203 268 2269; x_wconf 81' lang='lat' dir='ltr'><strong>uideretur?</strong></span> <span class='ocrx_word' id='word_1_174' title='bbox 304 2226 364 2270; x_wconf 90' lang='lat' dir='ltr'><strong>nec</strong></span> <span class='ocrx_word' id='word_1_175' title='bbox 396 2205 507 2270; x_wconf 89' lang='lat' dir='ltr'><strong>dubito</strong></span> <span class='ocrx_word' id='word_1_176' title='bbox 544 2206 622 2290; x_wconf 92' lang='lat' dir='ltr'><strong>quin</strong></span> <span class='ocrx_word' id='word_1_177' title='bbox 655 2207 830 2291; x_wconf 85' lang='lat' dir='ltr'><strong>agitauerit</strong></span> <span class='ocrx_word' id='word_1_178' title='bbox 865 2228 973 2271; x_wconf 87' lang='lat' dir='ltr'><strong>secum</strong></span> <span class='ocrx_word' id='word_1_179' title='bbox 1009 2228 1053 2269; x_wconf 90' lang='lat' dir='ltr'><strong>an</strong></span> 
     </span>
    </p>
   </div>
   <div class='ocr_carea' id='block_1_3' title="bbox 79 2288 1093 2628">
    <p class='ocr_par' dir='ltr' id='par_1_3' title="bbox 79 2288 1093 2628">
     <span class='ocr_line' id='line_1_25' title="bbox 79 2288 1053 2387; baseline -0.001 -34"><span class='ocrx_word' id='word_1_180' title='bbox 79 2288 302 2386; x_wconf 81' lang='lat' dir='ltr'><strong>gubernacula</strong></span> <span class='ocrx_word' id='word_1_181' title='bbox 322 2292 533 2375; x_wconf 79' lang='lat' dir='ltr'><strong>retorqueret,</strong></span> <span class='ocrx_word' id='word_1_182' title='bbox 556 2295 589 2355; x_wconf 89' lang='lat' dir='ltr'><strong>et</strong></span> <span class='ocrx_word' id='word_1_183' title='bbox 609 2290 749 2375; x_wconf 88' lang='lat' dir='ltr'><strong>fecisset,</strong></span> <span class='ocrx_word' id='word_1_184' title='bbox 771 2292 836 2355; x_wconf 88' lang='lat' dir='ltr'><strong>nisi</strong></span> <span class='ocrx_word' id='word_1_185' title='bbox 851 2291 935 2387; x_wconf 91' lang='lat' dir='ltr'><strong>quod</strong></span> <span class='ocrx_word' id='word_1_186' title='bbox 950 2310 1053 2376; x_wconf 87' lang='lat' dir='ltr'><strong>paene</strong></span> 
     </span>
     <span class='ocr_line' id='line_1_26' title="bbox 81 2373 1093 2459; baseline -0.005 -21"><span class='ocrx_word' id='word_1_187' title='bbox 81 2395 95 2438; x_wconf 90' lang='lat'>1</span> <span class='ocrx_word' id='word_1_188' title='bbox 176 2373 387 2439; x_wconf 89' lang='lat' dir='ltr'><strong>contubernio</strong></span> <span class='ocrx_word' id='word_1_189' title='bbox 408 2374 564 2459; x_wconf 85' lang='lat' dir='ltr'><strong>principis</strong></span> <span class='ocrx_word' id='word_1_190' title='bbox 590 2373 716 2438; x_wconf 89' lang='lat' dir='ltr'><strong>felicius</strong></span> <span class='ocrx_word' id='word_1_191' title='bbox 744 2374 976 2458; x_wconf 85' lang='lat' dir='ltr'><strong>iucundmsque</strong></span> <span class='ocrx_word' id='word_1_192' title='bbox 1002 2376 1052 2437; x_wconf 90' lang='lat' dir='ltr'><strong>est</strong></span> <span class='ocrx_word' id='word_1_193' title='bbox 1065 2394 1093 2434; x_wconf 75' lang='lat' dir='ltr'><strong>aa</strong></span> 
     </span>
     <span class='ocr_line' id='line_1_27' title="bbox 103 2456 1053 2543; baseline -0.001 -21"><span class='ocrx_word' id='word_1_194' title='bbox 103 2457 266 2523; x_wconf 85' lang='lat' dir='ltr'><strong>esiderare</strong></span> <span class='ocrx_word' id='word_1_195' title='bbox 292 2458 471 2543; x_wconf 88' lang='lat' dir='ltr'><strong>prinoipem</strong></span> <span class='ocrx_word' id='word_1_196' title='bbox 498 2458 742 2523; x_wconf 87' lang='lat' dir='ltr'><strong>desiderantem.</strong></span> <span class='ocrx_word' id='word_1_197' title='bbox 783 2462 816 2523; x_wconf 91' lang='lat' dir='ltr'><strong>et</strong></span> <span class='ocrx_word' id='word_1_198' title='bbox 841 2456 895 2521; x_wconf 88' lang='lat' dir='ltr'><strong>ille</strong></span> <span class='ocrx_word' id='word_1_199' title='bbox 926 2457 1053 2540; x_wconf 92' lang='lat' dir='ltr'><strong>quidem</strong></span> 
     </span>
     <span class='ocr_line' id='line_1_28' title="bbox 80 2541 1053 2628; baseline 0 -22"><span class='ocrx_word' id='word_1_200' title='bbox 80 2548 119 2607; x_wconf 86' lang='lat' dir='ltr'><strong>ut·</strong></span> <span class='ocrx_word' id='word_1_201' title='bbox 138 2543 280 2608; x_wconf 82' lang='lat' dir='ltr'><strong>maximo</strong></span> <span class='ocrx_word' id='word_1_202' title='bbox 300 2543 408 2610; x_wconf 85' lang='lat' dir='ltr'><strong>fructu</strong></span> <span class='ocrx_word' id='word_1_203' title='bbox 427 2544 568 2628; x_wconf 87' lang='lat' dir='ltr'><strong>suscepti</strong></span> <span class='ocrx_word' id='word_1_204' title='bbox 587 2543 636 2608; x_wconf 88' lang='lat' dir='ltr'><strong>ita</strong></span> <span class='ocrx_word' id='word_1_205' title='bbox 655 2544 776 2608; x_wconf 89' lang='lat' dir='ltr'><strong>maiore</strong></span> <span class='ocrx_word' id='word_1_206' title='bbox 796 2542 933 2628; x_wconf 87' lang='lat' dir='ltr'><strong>depositi</strong></span> <span class='ocrx_word' id='word_1_207' title='bbox 954 2541 1053 2607; x_wconf 83' lang='lat' dir='ltr'><strong>officii</strong></span> 
     </span>
    </p>
   </div>
   <div class='ocr_carea' id='block_1_4' title="bbox 79 2626 1053 2796">
    <p class='ocr_par' dir='ltr' id='par_1_4' title="bbox 79 2626 1053 2796">
     <span class='ocr_line' id='line_1_29' title="bbox 79 2626 1053 2713; baseline 0.003 -22"><span class='ocrx_word' id='word_1_208' title='bbox 79 2626 187 2713; x_wconf 84' lang='lat' dir='ltr'><strong>gloria</strong></span> <span class='ocrx_word' id='word_1_209' title='bbox 208 2626 334 2713; x_wconf 72' lang='lat' dir='ltr'><strong>fruiteu,</strong></span> <span class='ocrx_word' id='word_1_210' title='bbox 356 2632 392 2694; x_wconf 88' lang='lat' dir='ltr'><strong>tu</strong></span> <span class='ocrx_word' id='word_1_211' title='bbox 414 2632 522 2693; x_wconf 89' lang='lat' dir='ltr'><strong>autem</strong></span> <span class='ocrx_word' id='word_1_212' title='bbox 542 2628 700 2694; x_wconf 85' lang='lat' dir='ltr'><strong>facilitate</strong></span> <span class='ocrx_word' id='word_1_213' title='bbox 721 2629 785 2693; x_wconf 86' lang='lat' dir='ltr'><strong>ista</strong></span> <span class='ocrx_word' id='word_1_214' title='bbox 807 2631 997 2694; x_wconf 89' lang='lat' dir='ltr'><strong>consecutus</strong></span> <span class='ocrx_word' id='word_1_215' title='bbox 1019 2650 1053 2694; x_wconf 92' lang='lat' dir='ltr'><strong>es</strong></span> 
     </span>
     <span class='ocr_line' id='line_1_30' title="bbox 80 2714 732 2796; baseline 0.005 -20"><span class='ocrx_word' id='word_1_216' title='bbox 80 2732 124 2777; x_wconf 86' lang='lat' dir='ltr'><strong>ne</strong></span> <span class='ocrx_word' id='word_1_217' title='bbox 146 2733 242 2796; x_wconf 90' lang='lat' dir='ltr'><strong>quem</strong></span> <span class='ocrx_word' id='word_1_218' title='bbox 263 2715 401 2779; x_wconf 88' lang='lat' dir='ltr'><strong>retinere</strong></span> <span class='ocrx_word' id='word_1_219' title='bbox 424 2714 562 2779; x_wconf 88' lang='lat' dir='ltr'><strong>uidearis</strong></span> <span class='ocrx_word' id='word_1_220' title='bbox 584 2714 732 2779; x_wconf 89' lang='lat' dir='ltr'><strong>inuitum.</strong></span> 
     </span>
    </p>
   </div>
   <div class='ocr_carea' id='block_1_5' title="bbox 79 2848 1057 3597">
    <p class='ocr_par' dir='ltr' id='par_1_5' title="bbox 79 2848 1057 3597">
     <span class='ocr_line' id='line_1_31' title="bbox 151 2848 1053 2919; baseline 0 -17"><span class='ocrx_word' id='word_1_221' title='bbox 151 2851 341 2902; x_wconf 83' lang='lat' dir='ltr'><strong>3inanditum</strong></span> <span class='ocrx_word' id='word_1_222' title='bbox 360 2856 403 2902; x_wconf 85' lang='lat' dir='ltr'><strong>est</strong></span> <span class='ocrx_word' id='word_1_223' title='bbox 426 2851 498 2918; x_wconf 91' lang='lat' dir='ltr'><strong>quod</strong></span> <span class='ocrx_word' id='word_1_224' title='bbox 521 2868 583 2903; x_wconf 90' lang='lat' dir='ltr'><strong>cum</strong></span> <span class='ocrx_word' id='word_1_225' title='bbox 599 2855 623 2902; x_wconf 99' lang='grc' dir='ltr'><strong><em>Β</em></strong></span> <span class='ocrx_word' id='word_1_226' title='bbox 647 2850 650 2918; x_wconf 89' lang='grc' dir='ltr'>Ι</span> <span class='ocrx_word' id='word_1_227' title='bbox 674 2848 823 2918; x_wconf 88' lang='lat' dir='ltr'><strong>principis]</strong></span> <span class='ocrx_word' id='word_1_228' title='bbox 852 2852 991 2918; x_wconf 82' lang='lat' dir='ltr'><strong>principes</strong></span> <span class='ocrx_word' id='word_1_229' title='bbox 1010 2855 1033 2902; x_wconf 94' lang='grc' dir='ltr'><strong><em>Β</em></strong></span> <span class='ocrx_word' id='word_1_230' title='bbox 1045 2852 1053 2919; x_wconf 67' lang='grc' dir='ltr'>ᾖ</span> 
     </span>
     <span class='ocr_line' id='line_1_32' title="bbox 81 2916 1053 2986; baseline 0.001 -17"><span class='ocrx_word' id='word_1_231' title='bbox 81 2918 99 2969; x_wconf 79' lang='lat'>4</span> <span class='ocrx_word' id='word_1_232' title='bbox 116 2922 225 2969; x_wconf 84' lang='lat' dir='ltr'><strong>tactum</strong></span> <span class='ocrx_word' id='word_1_233' title='bbox 245 2923 289 2971; x_wconf 84' lang='lat' dir='ltr'><strong>est</strong></span> <span class='ocrx_word' id='word_1_234' title='bbox 304 2920 326 2967; x_wconf 87' lang='grc' dir='ltr'><strong><em>Β</em></strong></span> <span class='ocrx_word' id='word_1_235' title='bbox 344 2916 382 2984; x_wconf 74' lang='lat' dir='ltr'><strong>lli</strong></span> <span class='ocrx_word' id='word_1_236' title='bbox 401 2934 417 2970; x_wconf 97' lang='lat' dir='ltr'><strong>o</strong></span> <span class='ocrx_word' id='word_1_237' title='bbox 436 2925 461 2969; x_wconf 82' lang='lat' dir='ltr'><strong>et</strong></span> <span class='ocrx_word' id='word_1_238' title='bbox 479 2934 530 2985; x_wconf 89' lang='lat' dir='ltr'><strong>que</strong></span> <span class='ocrx_word' id='word_1_239' title='bbox 548 2935 595 2971; x_wconf 85' lang='lat' dir='ltr'><strong>om.</strong></span> <span class='ocrx_word' id='word_1_240' title='bbox 612 2922 636 2970; x_wconf 87' lang='grc' dir='ltr'><strong><em>Β</em></strong></span> <span class='ocrx_word' id='word_1_241' title='bbox 652 2917 663 2986; x_wconf 91' lang='lat' dir='ltr'><strong>l</strong></span> <span class='ocrx_word' id='word_1_242' title='bbox 679 2921 695 2969; x_wconf 83' lang='grc'><strong>6</strong></span> <span class='ocrx_word' id='word_1_243' title='bbox 713 2920 902 2985; x_wconf 65' lang='lat' dir='ltr'><strong>praeterient</strong></span> <span class='ocrx_word' id='word_1_244' title='bbox 922 2920 1053 2986; x_wconf 86' lang='lat' dir='ltr'><strong>praetorii</strong></span> 
     </span>
     <span class='ocr_line' id='line_1_33' title="bbox 83 2982 1052 3053; baseline 0.004 -20"><span class='ocrx_word' id='word_1_245' title='bbox 83 2982 221 3050; x_wconf 71' lang='grc' dir='ltr'><strong>ΙΙωΒε</strong></span> <span class='ocrx_word' id='word_1_246' title='bbox 244 3002 292 3037; x_wconf 89' lang='lat' dir='ltr'><strong>om.</strong></span> <span class='ocrx_word' id='word_1_247' title='bbox 310 2986 457 3052; x_wconf 72' lang='lat' dir='ltr'><strong>Ilexlt:</strong></span> <span class='ocrx_word' id='word_1_248' title='bbox 482 2989 543 3038; x_wconf 77' lang='lat' dir='ltr'><strong>eli</strong></span> <span class='ocrx_word' id='word_1_249' title='bbox 566 2986 576 3053; x_wconf 75' lang='lat' dir='ltr'><strong>fl</strong></span> <span class='ocrx_word' id='word_1_250' title='bbox 601 2987 708 3053; x_wconf 75' lang='lat' dir='ltr'><strong>iquod</strong></span> <span class='ocrx_word' id='word_1_251' title='bbox 725 2989 761 3036; x_wconf 80' lang='lat' dir='ltr'><strong>B:</strong></span> <span class='ocrx_word' id='word_1_252' title='bbox 786 3003 866 3052; x_wconf 91' lang='lat' dir='ltr'><strong>quern</strong></span> <span class='ocrx_word' id='word_1_253' title='bbox 884 2985 1052 3052; x_wconf 78' lang='grc'>111181111-</span> 
     </span>
     <span class='ocr_line' id='line_1_34' title="bbox 82 3052 1053 3122; baseline 0.005 -19"><span class='ocrx_word' id='word_1_254' title='bbox 82 3052 155 3118; x_wconf 83' lang='lat' dir='ltr'><strong>perii</strong></span> <span class='ocrx_word' id='word_1_255' title='bbox 167 3052 291 3122; x_wconf 85' lang='lat' dir='ltr'><strong>curis]in</strong></span> <span class='ocrx_word' id='word_1_256' title='bbox 305 3055 436 3119; x_wconf 87' lang='lat' dir='ltr'><strong>periculis</strong></span> <span class='ocrx_word' id='word_1_257' title='bbox 446 3056 470 3104; x_wconf 82' lang='grc' dir='ltr'><strong><em>Β</em></strong></span> <span class='ocrx_word' id='word_1_258' title='bbox 481 3054 484 3119; x_wconf 86' lang='grc' dir='ltr'>Ι</span> <span class='ocrx_word' id='word_1_259' title='bbox 496 3070 550 3106; x_wconf 88' lang='lat' dir='ltr'><strong>non</strong></span> <span class='ocrx_word' id='word_1_260' title='bbox 566 3056 669 3120; x_wconf 88' lang='lat' dir='ltr'><strong>quietis</strong></span> <span class='ocrx_word' id='word_1_261' title='bbox 684 3055 750 3105; x_wconf 79' lang='lat' dir='ltr'><strong>eoa</strong></span> <span class='ocrx_word' id='word_1_262' title='bbox 764 3052 774 3121; x_wconf 72' lang='lat' dir='ltr'><strong>ll</strong></span> <span class='ocrx_word' id='word_1_263' title='bbox 789 3056 935 3120; x_wconf 83' lang='lat' dir='ltr'><strong>9gratiam</strong></span> <span class='ocrx_word' id='word_1_264' title='bbox 944 3057 1053 3119; x_wconf 79' lang='lat' dir='ltr'><strong>scripsi:</strong></span> 
     </span>
     <span class='ocr_line' id='line_1_35' title="bbox 82 3119 1053 3189; baseline 0.001 -19"><span class='ocrx_word' id='word_1_265' title='bbox 82 3119 201 3186; x_wconf 84' lang='lat' dir='ltr'><strong>gloriam</strong></span> <span class='ocrx_word' id='word_1_266' title='bbox 213 3122 250 3182; x_wconf 76' lang='grc' dir='ltr'><strong>Ι,</strong></span> <span class='ocrx_word' id='word_1_267' title='bbox 265 3130 292 3174; x_wconf 82' lang='lat' dir='ltr'><strong>et</strong></span> <span class='ocrx_word' id='word_1_268' title='bbox 302 3125 340 3173; x_wconf 82' lang='lat' dir='ltr'><strong>tta</strong></span> <span class='ocrx_word' id='word_1_269' title='bbox 352 3124 393 3173; x_wconf 83' lang='lat' dir='ltr'><strong>ael</strong></span> <span class='ocrx_word' id='word_1_270' title='bbox 404 3122 541 3187; x_wconf 84' lang='lat' dir='ltr'><strong>gloriaam</strong></span> <span class='ocrx_word' id='word_1_271' title='bbox 553 3126 576 3171; x_wconf 83' lang='grc' dir='ltr'><strong><em>Β</em></strong></span> <span class='ocrx_word' id='word_1_272' title='bbox 587 3121 590 3189; x_wconf 71' lang='lat' dir='ltr'><strong>l</strong></span> <span class='ocrx_word' id='word_1_273' title='bbox 610 3126 641 3174; x_wconf 93' lang='grc'>10</span> <span class='ocrx_word' id='word_1_274' title='bbox 653 3127 680 3172; x_wconf 88' lang='lat' dir='ltr'><strong>et</strong></span> <span class='ocrx_word' id='word_1_275' title='bbox 692 3139 740 3174; x_wconf 87' lang='lat' dir='ltr'><strong>om.</strong></span> <span class='ocrx_word' id='word_1_276' title='bbox 753 3124 775 3171; x_wconf 87' lang='grc' dir='ltr'><strong><em>Β</em></strong></span> <span class='ocrx_word' id='word_1_277' title='bbox 787 3119 796 3189; x_wconf 68' lang='lat' dir='ltr'><strong>ll</strong></span> <span class='ocrx_word' id='word_1_278' title='bbox 808 3125 839 3172; x_wconf 88' lang='lat'><strong>11</strong></span> <span class='ocrx_word' id='word_1_279' title='bbox 851 3122 1053 3173; x_wconf 85' lang='lat' dir='ltr'><strong>exercitatione</strong></span> 
     </span>
     <span class='ocr_line' id='line_1_36' title="bbox 79 3186 1052 3257; baseline 0.001 -20"><span class='ocrx_word' id='word_1_280' title='bbox 79 3201 108 3238; x_wconf 72' lang='lat' dir='ltr'>v</span> <span class='ocrx_word' id='word_1_281' title='bbox 124 3188 146 3237; x_wconf 83' lang='grc' dir='ltr'><strong><em>Β</em></strong></span> <span class='ocrx_word' id='word_1_282' title='bbox 170 3186 183 3254; x_wconf 69' lang='lat' dir='ltr'>fl</span> <span class='ocrx_word' id='word_1_283' title='bbox 206 3191 238 3239; x_wconf 81' lang='lat'><strong>14</strong></span> <span class='ocrx_word' id='word_1_284' title='bbox 257 3205 287 3241; x_wconf 89' lang='lat' dir='ltr'><strong>es</strong></span> <span class='ocrx_word' id='word_1_285' title='bbox 304 3193 327 3240; x_wconf 94' lang='grc' dir='ltr'><strong><em>Β</em></strong></span> <span class='ocrx_word' id='word_1_286' title='bbox 346 3192 372 3241; x_wconf 80' lang='lat' dir='ltr'><strong>in</strong></span> <span class='ocrx_word' id='word_1_287' title='bbox 389 3206 460 3241; x_wconf 74' lang='lat' dir='ltr'><strong>raa:</strong></span> <span class='ocrx_word' id='word_1_288' title='bbox 483 3207 529 3246; x_wconf 77' lang='lat' dir='ltr'><strong>om.</strong></span> <span class='ocrx_word' id='word_1_289' title='bbox 547 3192 575 3239; x_wconf 71' lang='grc' dir='ltr'><strong><em>Β</em></strong></span> <span class='ocrx_word' id='word_1_290' title='bbox 617 3191 779 3257; x_wconf 84' lang='lat' dir='ltr'><strong>temperasti</strong></span> <span class='ocrx_word' id='word_1_291' title='bbox 796 3191 830 3240; x_wconf 77' lang='lat' dir='ltr'><strong>R:</strong></span> <span class='ocrx_word' id='word_1_292' title='bbox 860 3196 887 3241; x_wconf 91' lang='lat' dir='ltr'><strong>te</strong></span> <span class='ocrx_word' id='word_1_293' title='bbox 906 3190 1052 3254; x_wconf 85' lang='lat' dir='ltr'><strong>imperasti</strong></span> 
     </span>
     <span class='ocr_line' id='line_1_37' title="bbox 79 3252 1053 3327; baseline 0 -22"><span class='ocrx_word' id='word_1_294' title='bbox 79 3252 218 3323; x_wconf 73' lang='grc'>11115111</span> <span class='ocrx_word' id='word_1_295' title='bbox 234 3256 316 3309; x_wconf 86' lang='lat' dir='ltr'><strong>litore</strong></span> <span class='ocrx_word' id='word_1_296' title='bbox 335 3257 478 3323; x_wconf 85' lang='lat' dir='ltr'><strong>amplexus</strong></span> <span class='ocrx_word' id='word_1_297' title='bbox 496 3261 525 3308; x_wconf 92' lang='lat' dir='ltr'><strong>in</strong></span> <span class='ocrx_word' id='word_1_298' title='bbox 542 3259 623 3309; x_wconf 88' lang='lat' dir='ltr'><strong>litore</strong></span> <span class='ocrx_word' id='word_1_299' title='bbox 641 3258 764 3310; x_wconf 85' lang='lat' dir='ltr'><strong>osculum</strong></span> <span class='ocrx_word' id='word_1_300' title='bbox 777 3260 800 3307; x_wconf 93' lang='grc' dir='ltr'><strong><em>Β</em></strong></span> <span class='ocrx_word' id='word_1_301' title='bbox 812 3254 820 3327; x_wconf 70' lang='lat' dir='ltr'><strong>ll</strong></span> <span class='ocrx_word' id='word_1_302' title='bbox 834 3259 865 3308; x_wconf 89' lang='grc'><strong>16</strong></span> <span class='ocrx_word' id='word_1_303' title='bbox 884 3256 1002 3307; x_wconf 87' lang='lat' dir='ltr'><strong>amioiae</strong></span> <span class='ocrx_word' id='word_1_304' title='bbox 1011 3258 1034 3305; x_wconf 94' lang='grc' dir='ltr'><strong><em>Β</em></strong></span> <span class='ocrx_word' id='word_1_305' title='bbox 1048 3254 1053 3323; x_wconf 79' lang='lat' dir='ltr'><strong>l</strong></span> 
     </span>
     <span class='ocr_line' id='line_1_38' title="bbox 83 3324 1054 3393; baseline -0.001 -18"><span class='ocrx_word' id='word_1_306' title='bbox 83 3324 164 3376; x_wconf 79' lang='lat' dir='ltr'><strong>stetit</strong></span> <span class='ocrx_word' id='word_1_307' title='bbox 186 3326 294 3377; x_wconf 64' lang='lat' dir='ltr'><strong>numum</strong></span> <span class='ocrx_word' id='word_1_308' title='bbox 315 3327 416 3390; x_wconf 78' lang='lat' dir='ltr'><strong>om.1‚</strong></span> <span class='ocrx_word' id='word_1_309' title='bbox 434 3328 496 3378; x_wconf 85' lang='lat' dir='ltr'><strong>odd.</strong></span> <span class='ocrx_word' id='word_1_310' title='bbox 515 3328 537 3376; x_wconf 86' lang='grc' dir='ltr'><strong><em>Β</em></strong></span> <span class='ocrx_word' id='word_1_311' title='bbox 560 3325 571 3393; x_wconf 81' lang='grc' dir='ltr'><strong>ΙΙ</strong></span> <span class='ocrx_word' id='word_1_312' title='bbox 599 3329 631 3378; x_wconf 82' lang='grc'>17</span> <span class='ocrx_word' id='word_1_313' title='bbox 649 3332 693 3378; x_wconf 88' lang='lat' dir='ltr'><strong>est</strong></span> <span class='ocrx_word' id='word_1_314' title='bbox 711 3327 827 3378; x_wconf 86' lang='lat' dir='ltr'><strong>abeunti</strong></span> <span class='ocrx_word' id='word_1_315' title='bbox 845 3341 933 3391; x_wconf 82' lang='lat' dir='ltr'><strong>prono</strong></span> <span class='ocrx_word' id='word_1_316' title='bbox 951 3340 999 3377; x_wconf 89' lang='lat' dir='ltr'><strong>om.</strong></span> <span class='ocrx_word' id='word_1_317' title='bbox 1017 3327 1054 3388; x_wconf 76' lang='grc' dir='ltr'><strong>Ι,</strong></span> 
     </span>
     <span class='ocr_line' id='line_1_39' title="bbox 80 3388 1056 3461; baseline -0.001 -18"><span class='ocrx_word' id='word_1_318' title='bbox 80 3393 145 3447; x_wconf 79' lang='lat' dir='ltr'><strong>odd.</strong></span> <span class='ocrx_word' id='word_1_319' title='bbox 163 3392 188 3441; x_wconf 88' lang='grc' dir='ltr'><strong><em>Β</em></strong></span> <span class='ocrx_word' id='word_1_320' title='bbox 210 3388 222 3459; x_wconf 88' lang='grc' dir='ltr'>Ι</span> <span class='ocrx_word' id='word_1_321' title='bbox 246 3396 279 3445; x_wconf 84' lang='grc'>19</span> <span class='ocrx_word' id='word_1_322' title='bbox 298 3399 382 3461; x_wconf 88' lang='lat' dir='ltr'><strong>atque</strong></span> <span class='ocrx_word' id='word_1_323' title='bbox 396 3430 403 3445; x_wconf 95' lang='lat'><strong>.</strong></span> <span class='ocrx_word' id='word_1_324' title='bbox 418 3436 425 3449; x_wconf 90' lang='lat'><em>.</em></span> <span class='ocrx_word' id='word_1_325' title='bbox 443 3395 517 3445; x_wconf 85' lang='lat' dir='ltr'><strong>uotis</strong></span> <span class='ocrx_word' id='word_1_326' title='bbox 539 3401 567 3445; x_wconf 83' lang='lat' dir='ltr'><strong>et</strong></span> <span class='ocrx_word' id='word_1_327' title='bbox 591 3395 716 3446; x_wconf 86' lang='lat' dir='ltr'><strong>lacrimis</strong></span> <span class='ocrx_word' id='word_1_328' title='bbox 738 3397 761 3444; x_wconf 89' lang='grc' dir='ltr'><strong><em>Β</em></strong></span> <span class='ocrx_word' id='word_1_329' title='bbox 784 3393 795 3461; x_wconf 66' lang='lat' dir='ltr'>n</span> <span class='ocrx_word' id='word_1_330' title='bbox 823 3397 856 3445; x_wconf 77' lang='lat'><strong>23</strong></span> <span class='ocrx_word' id='word_1_331' title='bbox 878 3393 990 3444; x_wconf 90' lang='lat' dir='ltr'><strong>uidetur</strong></span> <span class='ocrx_word' id='word_1_332' title='bbox 1007 3395 1029 3443; x_wconf 87' lang='grc' dir='ltr'><strong><em>Β</em></strong></span> <span class='ocrx_word' id='word_1_333' title='bbox 1046 3391 1056 3459; x_wconf 69' lang='lat' dir='ltr'><strong>{l</strong></span> 
     </span>
     <span class='ocr_line' id='line_1_40' title="bbox 81 3459 1057 3530; baseline 0.002 -19"><span class='ocrx_word' id='word_1_334' title='bbox 81 3460 117 3511; x_wconf 74' lang='grc'>21</span> <span class='ocrx_word' id='word_1_335' title='bbox 135 3459 208 3526; x_wconf 88' lang='lat' dir='ltr'><strong>qnod</strong></span> <span class='ocrx_word' id='word_1_336' title='bbox 225 3462 249 3509; x_wconf 99' lang='grc' dir='ltr'><strong><em>Β</em></strong></span> <span class='ocrx_word' id='word_1_337' title='bbox 260 3461 281 3510; x_wconf 80' lang='grc' dir='ltr'><strong><em>Β</em></strong></span> <span class='ocrx_word' id='word_1_338' title='bbox 293 3464 317 3511; x_wconf 81' lang='lat' dir='ltr'>V</span> <span class='ocrx_word' id='word_1_339' title='bbox 327 3476 365 3512; x_wconf 72' lang='lat' dir='ltr'><strong>v:</strong></span> <span class='ocrx_word' id='word_1_340' title='bbox 389 3477 443 3529; x_wconf 91' lang='lat' dir='ltr'><strong>quo</strong></span> <span class='ocrx_word' id='word_1_341' title='bbox 461 3465 479 3511; x_wconf 79' lang='lat'><strong>0</strong></span> <span class='ocrx_word' id='word_1_342' title='bbox 493 3462 497 3526; x_wconf 82' lang='grc' dir='ltr'>Ι</span> <span class='ocrx_word' id='word_1_343' title='bbox 511 3461 610 3530; x_wconf 87' lang='lat' dir='ltr'><strong>paene]</strong></span> <span class='ocrx_word' id='word_1_344' title='bbox 636 3478 706 3514; x_wconf 88' lang='lat' dir='ltr'><strong>nene</strong></span> <span class='ocrx_word' id='word_1_345' title='bbox 724 3464 747 3512; x_wconf 88' lang='grc' dir='ltr'><strong><em>Β</em></strong></span> <span class='ocrx_word' id='word_1_346' title='bbox 765 3464 835 3515; x_wconf 88' lang='lat' dir='ltr'><strong>bene</strong></span> <span class='ocrx_word' id='word_1_347' title='bbox 854 3464 874 3512; x_wconf 86' lang='grc' dir='ltr'><strong><em>Β</em></strong></span> <span class='ocrx_word' id='word_1_348' title='bbox 885 3460 894 3527; x_wconf 67' lang='grc' dir='ltr'><strong>ῑξ</strong></span> <span class='ocrx_word' id='word_1_349' title='bbox 911 3463 944 3513; x_wconf 75' lang='lat'><strong>26</strong></span> <span class='ocrx_word' id='word_1_350' title='bbox 962 3467 990 3513; x_wconf 89' lang='lat' dir='ltr'><strong>et</strong></span> <span class='ocrx_word' id='word_1_351' title='bbox 1008 3461 1057 3513; x_wconf 91' lang='lat' dir='ltr'><strong>ille</strong></span> 
     </span>
     <span class='ocr_line' id='line_1_41' title="bbox 82 3528 706 3597; baseline 0 -18"><span class='ocrx_word' id='word_1_352' title='bbox 82 3528 133 3593; x_wconf 83' lang='lat' dir='ltr'><strong>qni</strong></span> <span class='ocrx_word' id='word_1_353' title='bbox 150 3528 246 3580; x_wconf 65' lang='lat' dir='ltr'><strong>duint</strong></span> <span class='ocrx_word' id='word_1_354' title='bbox 261 3529 286 3578; x_wconf 93' lang='grc' dir='ltr'><strong><em>Β</em></strong></span> <span class='ocrx_word' id='word_1_355' title='bbox 308 3528 319 3596; x_wconf 75' lang='grc' dir='ltr'><strong>ΙΙ</strong></span> <span class='ocrx_word' id='word_1_356' title='bbox 342 3532 375 3583; x_wconf 74' lang='grc'><strong>11</strong></span> <span class='ocrx_word' id='word_1_357' title='bbox 394 3531 487 3582; x_wconf 78' lang='lat' dir='ltr'><strong>fructu</strong></span> <span class='ocrx_word' id='word_1_358' title='bbox 504 3546 533 3597; x_wconf 75' lang='grc' dir='ltr'><strong>ςε</strong></span> <span class='ocrx_word' id='word_1_359' title='bbox 553 3531 662 3583; x_wconf 83' lang='lat' dir='ltr'><strong>fructus</strong></span> <span class='ocrx_word' id='word_1_360' title='bbox 679 3532 706 3579; x_wconf 83' lang='grc'><strong>11</strong></span> 
     </span>
    </p>
   </div>
   <div class='ocr_carea' id='block_1_6' title="bbox 129 3611 903 3667">
    <p class='ocr_par' dir='ltr' id='par_1_6' title="bbox 129 3611 903 3667">
     <span class='ocr_line' id='line_1_42' title="bbox 129 3611 903 3667; baseline 0.003 -17"><span class='ocrx_word' id='word_1_361' title='bbox 129 3611 218 3654; x_wconf 72' lang='lat' dir='ltr'><strong>Pano.</strong></span> <span class='ocrx_word' id='word_1_362' title='bbox 231 3613 289 3655; x_wconf 73' lang='lat' dir='ltr'><strong>ner.</strong></span> <span class='ocrx_word' id='word_1_363' title='bbox 887 3618 903 3667; x_wconf 73' lang='grc'><strong>6</strong></span> 
     </span>
    </p>
   </div>
   <div class='ocr_carea' id='block_1_7' title="bbox 0 0 1215 4012">
    <p class='ocr_par' dir='ltr' id='par_1_7' title="bbox 0 0 1215 4012">
     <span class='ocr_line' id='line_1_43' title="bbox 0 0 1215 4012; baseline 0 0"><span class='ocrx_word' id='word_1_364' title='bbox 0 0 1215 4012; x_wconf 95' lang='lat' dir='ltr'><strong> </strong></span> 
     </span>
    </p>
   </div>
  </div>
 </body>
</html>
