2406 4012
376 239 590 291 1111111101.
616 240 726 291 ars-re.
990 240 1031 305 51

56 412 138 457 uum
162 388 323 472 exprimat
342 391 527 472 teneatque.
571 388 656 470 quod
678 387 806 472 quidem
827 390 951 474 prolixe
973 392 1033 457 tihi

32 468 41 565 '¹
58 475 286 558 cumulateque
323 474 493 558 contingit,
531 471 620 536 euius
656 473 832 539 laetissima
867 475 967 539 facies
1002 480 1034 539 et

34 558 210 709 ¹qprlabilis
232 558 340 622 uultus
361 558 397 623 in
420 557 563 622 omnium
586 557 704 622 ciuium
727 580 781 622 ore
804 559 904 624 oculis
927 560 1033 624 animo

115 646 160 707 et.

10 732 34 769 '‘-
56 766 60 771 -
120 725 210 792 LVI.
238 726 422 789 Adnotasse
437 746 494 789 uos
512 725 616 806 credo,
637 728 744 809 patres
761 727 943 811 conscripti,
967 728 1058 791 iama

58 810 180 877 dudum
202 832 253 874 me
274 831 341 874 non
355 810 473 894 eligere
492 831 574 893 quae
588 809 735 875 referam.
766 813 966 894 propositum
982 817 1032 877 est

60 896 149 961 enim
175 894 257 958 mihi
282 894 463 978 principem
490 893 632 975 laudare,
662 916 729 960 uon
756 896 912 979 principis
933 896 1030 960 faeta.

57 1002 137 1045 nam
164 978 340 1043 laudabilia
366 977 467 1042 multa
488 977 585 1042 etiam
615 978 694 1042 mali
715 979 848 1062 faciunt,
870 980 940 1063 ipse
961 980 1030 1043 lau·

36 1084 40 1089 ·
58 1063 128 1129 dari
150 1062 215 1127 nisi
237 1063 379 1146 optimus
400 1083 466 1126 uon
487 1065 604 1146 potest.
637 1084 735 1145 quare
750 1085 817 1127 non
840 1063 904 1127 alia
919 1065 1030 1147 maior,

10 1158 39 1217 ,ι’
56 1148 235 1245 imperator
256 1150 402 1232 auguste,
425 1147 530 1231 gloria
551 1149 607 1211 tua
629 1168 724 1230 quam
747 1147 830 1231 quod
859 1149 1029 1232 agentibus
1043 1168 1068 1207 ro

10 1222 119 1321 ι11111111
147 1230 267 1317 gratias
295 1230 377 1296 nihil
404 1230 576 1295 uelandum
604 1236 666 1315 est,
695 1232 778 1295 nihil
805 1233 1027 1298 omittendum.

10 1324 33 1387 Ε·
58 1316 175 1401 ecquid
198 1318 247 1380 est
268 1317 354 1379 euim
383 1316 418 1379 in
440 1315 623 1399 principatu
650 1318 706 1380 tuo
729 1318 813 1401 quod
842 1318 1029 1401 cuiusquam

10 1394 33 1489 'J'
56 1399 255 1485 praedicatio
288 1400 341 1464 uel
373 1399 536 1497 transilire
573 1401 625 1464 uel
658 1401 860 1484 praeteruehi
890 1402 1029 1466 debeat?

10 1483 1029 1647 rttdfittttdattltlddttttrlttfftlt

10 1664 29 1729 f
55 1652 145 1717 modi
166 1656 204 1717 ut
228 1653 257 1717 is
279 1653 397 1737 optime
424 1656 457 1717 te
485 1653 632 1717 laudasse
661 1653 809 1716 uideatur
837 1654 891 1736 qui
917 1675 1027 1717 narra-

10 1736 142 1815 ”Juerit
174 1736 382 1801 fidelissime?
414 1759 476 1821 quo
509 1737 546 1801 fit
581 1740 617 1800 ut
645 1758 704 1820 pro
728 1759 745 1801 e
773 1737 808 1800 in
834 1738 1027 1801 immensum

10 1838 29 1907 ζ’,
54 1820 256 1887 diffundatur
269 1822 373 1886 oratio
387 1844 467 1907 mea,
490 1826 524 1885 et
537 1820 674 1885 necdum
712 1843 729 1886 e
750 1822 881 1886 hiennio
903 1822 1026 1905 loquor.

55 1926 157 1989 quam
184 1904 286 1970 multa
313 1906 379 1970 dixi
401 1907 441 1970 de
467 1905 695 1990 moderatione,
727 1909 759 1970 et
786 1910 905 1990 quanto
933 1908 1027 1990 plura

10 2008 16 2017 ⁵
54 1990 164 2055 adhuc
185 1992 322 2055 restant!
351 1993 388 2054 ut
414 1990 493 2055 illud
515 1990 600 2073 quod
628 1991 802 2055 seeundum
825 1992 1026 2057 consulatum
1040 2013 1068 2052 11

10 2100 29 2145 ·..,
53 2074 215 2158 recepisti,
239 2076 313 2158 quia
334 2076 485 2159 princeps
508 2078 540 2138 et
561 2078 653 2160 pater
675 2077 847 2141 deferebat.
886 2081 918 2140 at
939 2081 1027 2160 post-

10 2208 16 2217 .
53 2179 156 2244 quam
177 2159 218 2222 ad
239 2162 272 2223 te
293 2160 420 2243 imperii
442 2182 599 2225 summam
615 2163 648 2225 et
669 2182 741 2226 eum
757 2163 898 2225 omnium
921 2183 1027 2225 rerum

52 2246 125 2307 tum
147 2242 246 2307 ctiam
272 2246 320 2307 tui
347 2247 538 2328 potestatem
567 2245 599 2309 di
627 2246 869 2322 transtulerunt,
896 2246 1027 2309 tertium

10 2330 26 2393 ἰ.
54 2327 261 2393 consulatum
289 2330 454 2412 recusasti,
483 2351 555 2393 cum
582 2350 676 2413 agere
708 2333 777 2393 tam
803 2330 923 2392 bonum
953 2349 1027 2391 eon-

10 2408 21 2417 “
53 2410 158 2477 sulem
178 2433 301 2496 possea.
327 2435 479 2499 magnum
496 2417 545 2477 est
559 2413 685 2477 differre
699 2413 864 2495 honorem,
888 2412 1026 2495 gloriam
1039 2431 1064 2471 1

10 2540 19 2567 -,
52 2496 170 2561 maius.
206 2500 334 2581 gestum
356 2499 559 2562 consulatum
581 2498 678 2561 mirer
700 2519 743 2561 an
764 2518 830 2560 non
845 2497 1027 2580 receptum?

10 2576 26 2593 “
52 2582 186 2667 gestum
205 2602 273 2645 non
294 2582 329 2646 iu
349 2581 410 2647 hoc
432 2583 520 2646 urbis
544 2582 610 2646 otio
634 2586 666 2646 et
686 2582 802 2645 intimo
831 2582 904 2645 sinu
925 2582 1025 2666 pacis,

53 2664 111 2729 sed
136 2664 229 2729 iuxta
255 2666 408 2730 barbaras
437 2670 560 2752 gentes,
595 2669 633 2730 ut
659 2666 708 2731 illi
736 2666 885 2731 solebant
912 2667 1028 2751 quibus

53 2752 126 2815 erat
146 2750 246 2815 moris
267 2750 494 2834 paludamento
516 2754 641 2816 mutare
662 2755 861 2835 praetextam
884 2752 1026 2837 ignotas-

52 2854 116 2919 que
138 2836 242 2899 terras
264 2835 399 2899 uictoria
426 2836 526 2920 sequi.
563 2837 709 2919 pulcrum
737 2837 882 2920 imperio,
909 2836 1025 2921 glorio·
1039 2855 1063 2895 ao

51 2938 126 2983 sum
153 2918 225 3004 tibi,
255 2940 327 2983 cum
355 2922 387 2984 te
416 2921 496 2984 socii
524 2923 618 3004 atque
640 2921 735 2984 amici
767 2942 824 2984 sua
852 2921 886 2983 in
908 2922 1024 3004 patria,

50 3003 121 3067 suis
156 3003 193 3068 in
229 3003 358 3069 sedibus
386 3003 543 3069 adierunt.
592 3004 706 3069 decora
742 3005 848 3088 facies,
887 3005 1026 3069 consulis

49 3086 157 3151 multa
176 3091 254 3171 post
267 3089 396 3154 saecula
409 3089 552 3153 tribunal
574 3090 669 3153 uiridi
685 3090 824 3173 caespite
844 3091 1025 3152 extructum

122 3294 156 3345 12
174 3294 276 3361 ecquid
292 3297 439 3347 Liuineius:
467 3300 508 3345 eet
535 3292 601 3359 quid
624 3294 732 3342 ΟΠ]
751 3293 823 3358 quid,
851 3308 896 3341 om.
924 3292 976 3354 est,
1004 3292 1024 3340 B

50 3362 238 3413 omittendum
255 3368 306 3414 eat.
330 3362 396 3429 quid
413 3363 472 3413 edd.
499 3359 508 3427 ΙΙ
534 3364 565 3412 13
587 3360 797 3425 praedieatione
821 3358 867 3409 uel
889 3357 1027 3408 transiliri

10 3454 14 3459 ·
49 3430 72 3479 B
101 3428 113 3495 Ι
143 3432 176 3480 22
196 3445 256 3481 cum
294 3435 352 3481 tum
375 3432 392 3477 0
423 3427 433 3494 ΙΙ
461 3430 495 3480 23
517 3428 720 3479 transtulerunt
743 3444 772 3494 ςε
796 3425 1026 3477 11111111111110

51 3499 74 3545 V
91 3499 128 3547 W
144 3502 256 3549 11111111
267 3499 321 3550 erit
338 3499 358 3547 B
382 3495 393 3563 11
416 3499 450 3546 24
468 3513 552 3562 agere
571 3503 665 3548 tamen
683 3501 741 3547 tam
758 3497 778 3544 B
798 3497 819 3543 V
844 3492 854 3560 ΙΙ
878 3495 910 3546 27
930 3499 1027 3558 gastus

48 3566 87 3627 1,
106 3580 214 3631 rome
243 3563 254 3631 ΙΙ
284 3568 318 3617 32
336 3560 450 3629 decora]
471 3564 505 3615 de
525 3579 579 3629 quo
597 3565 630 3613 W

820 3643 855 3695 4*
