2406 4012
186 207 247 273 170
498 209 559 258 vu.
588 205 736 256 incanui
754 202 835 256 cau.

185 359 334 441 quotiens
356 358 450 441 aelia,
472 358 508 421 in
530 356 689 420 hosticum
709 352 914 435 transeundi,
937 346 1061 436 quippe
1085 373 1158 418 cum

184 449 273 510 totus
296 443 427 508 armatis
449 440 584 505 nauibus
602 438 734 503 Rhenus
756 437 931 502 instructus
953 435 998 500 sit
1018 438 1056 502 et
1077 438 1158 522 ripis

185 529 333 594 omnibus
359 547 457 610 usque
486 524 525 588 ad
548 545 701 589 oceanum
729 522 901 606 dispositus
929 520 1024 585 miles
1051 521 1157 587 immi-

185 617 270 678 neat.
315 610 369 675 sed
392 610 538 695 pulcrum
565 609 625 673 tibi
650 608 775 672 uidetur
804 609 851 691 (et
871 626 986 671 reuera
1007 605 1158 689 pulcher·

159 700 299 761 trimum
323 695 386 781 est)
413 697 451 759 ut
472 694 603 758 Rhenus
628 694 683 757 illa
710 712 778 756 non
804 691 907 756 solum
934 690 1157 775 superioribus

184 782 281 863 lociS,
310 781 365 844 ubi
392 782 447 843 aut
467 777 637 843 latitudine
664 778 800 841 uadosus
829 779 884 841 aut
909 774 1033 839 uicinia
1057 775 1157 841 fontis

185 866 328 951 exiguus,
352 863 521 929 sedetiam
543 863 689 928 ibinouc
711 864 809 945 ponte
832 861 972 925 calcetur
995 859 1053 923 ubi
1070 864 1156 927 totus

186 953 243 1031 est,
266 950 321 1014 ubi
343 951 407 1014 iam
427 948 582 1047 plurimos
604 946 712 1012 hausit
733 967 843 1010 amnes
865 966 944 1029 quos
966 943 1021 1009 hic
1043 949 1158 1011 noster

184 1035 337 1120 indigena
363 1034 480 1100 fluuius
513 1037 545 1098 et
571 1033 725 1097 barbarus
753 1030 853 1094 Nicer
881 1033 914 1094 et
940 1028 1082 1094 Moenus
1110 1030 1157 1095 iu-

148 1121 287 1198 auexit,
319 1120 373 1183 ubi
400 1119 465 1182 iam
492 1117 625 1182 immani
651 1117 759 1181 meatu
780 1114 870 1179 ferox
897 1116 930 1178 et
951 1113 1038 1178 aluei
1061 1116 1157 1179 unius

184 1199 927 1367 {butu{calinsnnabadn
954 1198 1158 1349 Ξῗῂῗὲῗῖ

184 1336 353 1453 mini’ao,
379 1392 451 1435 aum
473 1370 507 1433 in
528 1369 585 1433 aua
607 1335 773 1455 gurgitum
795 1368 964 1432 acauno
987 1370 1158 1433 tantarum

184 1456 319 1520 molium
341 1454 550 1520 fundamenta
571 1455 731 1518 iaciuntur
752 1452 848 1516 fidam
875 1454 907 1516 et
929 1450 1084 1517 stabilem
1102 1453 1158 1517 -fir-

146 1558 171 1600 15
185 1541 330 1605 mitatem
345 1540 503 1605 habitura.
530 1540 670 1603 iunxerit
684 1540 762 1603 licet
777 1536 934 1621 quondam
948 1535 1158 1621 Hellesponti

186 1627 352 1711 angustias
375 1624 474 1690 classe
497 1646 617 1689 conexa
631 1623 801 1688 Persarum
823 1642 879 1685 rex
894 1621 1156 1705 potentissimus:

184 1710 396 1794 temporarius
417 1710 472 1774 ille
494 1709 648 1774 transitus
670 1707 744 1772 fuit.
776 1705 873 1770 simili
894 1704 1029 1769 nauium
1055 1707 1157 1771 conti·

185 1796 338 1859 nuatione
352 1793 512 1859 Baianum
529 1794 636 1857 sinum
651 1790 804 1857 strauerit
818 1790 859 1854 ab
875 1790 1025 1875 Augusto
1041 1791 1156 1856 tertius

186 1879 320 1943 Caesar:
358 1878 494 1943 delicata
520 1877 581 1941 fuit
610 1878 667 1941 illa
694 1875 835 1941 uectatio
862 1874 1021 1959 principis
1052 1875 1156 1941 otiosi.

147 1982 173 2021 ao
185 1962 245 2024 hoc
268 1982 348 2044 opus
372 1963 404 2025 et
419 1961 549 2025 difficile
564 1962 651 2024 factu
674 1964 706 2025 et
727 1982 787 2025 usu
800 1959 942 2024 futurum
965 1962 1016 2023 est
1038 1960 1157 2044 sempi-

185 2048 322 2109 ternum.
346 2048 432 2110 certe
449 2045 577 2130 quidem
597 2046 661 2109 iam
676 2045 737 2109 tibi
752 2045 787 2108 in
802 2043 931 2108 exordio
946 2044 997 2108 sui
1011 2042 1158 2109 hostium

185 2129 289 2194 mouit
309 2130 477 2213 obsequia,
500 2129 554 2213 qui
575 2151 688 2213 pacem
712 2129 871 2213 supplices
892 2128 1073 2213 petierunt,
1101 2151 1158 2194 no-

185 2214 356 2279 bilissimos
379 2215 504 2280 obsides
527 2215 724 2279 obtulerunt.
765 2235 803 2277 ex
825 2234 887 2297 quo
910 2233 1005 2277 nemo
1027 2212 1158 2278 dubitat

186 2300 262 2448 quild
288 2300 430 2450 pssarflecto
459 2302 558 2385 ponte
585 2299 705 2365 facturi
733 2299 800 2362 sint
832 2296 886 2381 qui
915 2297 979 2361 iam
1008 2299 1158 2363 seruiunt

146 2404 172 2446 aa
185 2407 239 2451 mc
263 2407 302 2450 oa
318 2407 345 2451 0.

249 2470 336 2536 XIV.
358 2455 512 2535 ‘Talibus
539 2472 572 2533 te
598 2490 658 2554 pro
685 2466 823 2531 utilitate
851 2487 888 2531 ac
910 2465 1075 2551 dignitate
1097 2489 1156 2551 pu·

184 2555 270 2620 blica
298 2556 392 2619 rebus
420 2557 583 2619 intentum
610 2554 794 2618 auerterunt
820 2551 855 2615 in
882 2572 916 2615 se
942 2550 1021 2615 noui
1048 2556 1157 2616 motus

186 2639 253 2702 eius
281 2639 420 2702 hominis
449 2659 543 2720 quem
572 2637 769 2702 successibus
791 2636 856 2700 tuis
883 2634 1021 2699 maxime
1044 2635 1158 2701 fauere

187 2722 352 2785 decuisset.
394 2722 516 2803 dequo
546 2741 605 2805 ego
628 2720 895 2804 quemadmodum
917 2721 1021 2784 dicam
1050 2720 1158 2786 adhuc

147 2825 173 2864 ao
187 2805 286 2868 ferme
309 2803 418 2867 dubito
441 2803 533 2868 etde
555 2806 635 2869 nutu
656 2806 799 2870 numinis
821 2806 869 2869 tui
892 2808 1025 2889 expecto
1049 2805 1158 2871 consi·

185 2890 274 2953 lium.
301 2888 475 2972 quamlibet
496 2888 581 2952 enim
604 2890 718 2954 merito
741 2889 870 2974 pietatis
892 2893 966 2954 tuae
988 2889 1158 2975 questibus

187 2977 334 3055 acuatur,
371 2972 466 3038 debet
496 2977 605 3038 tamen
639 2975 701 3039 sibi
733 2996 796 3038 uox
822 2975 948 3058 priuata
980 2974 1156 3059 moderari,

212 3116 226 3123 η
233 3114 358 3124 ...n—au·
366 3114 387 3120 -.

255 3201 267 3246 1
281 3197 414 3247 hosticum
427 3195 449 3244 Δ
460 3197 493 3244 W
506 3195 597 3246 Barac
616 3196 722 3248 hostem
741 3212 800 3246 cum
819 3194 926 3261 Bcvss
939 3199 954 3247 ‘1
973 3195 1072 3263 etiam]
1093 3202 1124 3250 et
1140 3200 1159 3247 0

188 3264 201 3331 Η
221 3269 236 3317 9
255 3265 386 3329 indigena
405 3266 456 3324 (uel
473 3262 547 3326 ·nus)
566 3267 662 3329 scripsi
672 3268 688 3314 1.
701 3267 718 3317 l.
729 3282 755 3329 p.
769 3268 833 3315 219:
852 3266 951 3328 iugens
968 3266 997 3314 1
1017 3262 1028 3329 ΙΙ
1051 3268 1085 3316 11
1104 3266 1159 3317 duo

185 3334 408 3396 Eyssenhardtua:
427 3346 478 3380 aua
495 3332 522 3380 Μ
534 3329 544 3396 ΙΙ
559 3334 589 3381 lt
608 3333 722 3382 maxima
741 3349 787 3382 om.
806 3331 896 3395 Awl
914 3335 946 3382 14
963 3331 1047 3383 tidem
1064 3334 1091 3383 Δ
1126 3336 1161 3385 24

185 3401 309 3466 profecto
322 3402 339 3449 0
354 3398 358 3463 Ι
375 3398 462 3449 futuri
474 3399 496 3448 Δ
508 3398 517 3463 ΙΙ
530 3401 563 3449 26
582 3406 608 3449 te
621 3416 670 3464 pro
688 3402 761 3451 edd:
779 3414 828 3464 pro
840 3404 868 3449 te
880 3401 907 3449 Η
945 3414 1008 3451 erro
1021 3406 1049 3451 te
1061 3414 1090 3451 v
1124 3403 1158 3453 27

186 3472 348 3518 auerterunt
358 3465 517 3517 luceru.-
531 3469 692 3517 auertuntB
703 3468 752 3517 cv
765 3465 775 3532 ΙΙ
788 3470 821 3519 30
833 3415 942 3533 dubitet
961 3466 1055 3520 iudico
1069 3470 1089 3517 ⁰
1125 3472 1159 3521 32

186 3539 302 3584 acuatur
313 3537 407 3598 scripsi
419 3536 434 3583 l.
448 3536 478 3585 t:
490 3539 623 3598 arguatur
634 3534 661 3582 u
676 3533 680 3599 l
696 3536 807 3600 priuata
817 3534 972 3585 sunere:
986 3536 1076 3600 prima
1085 3536 1160 3586 NV
