2406 4012
98 201 164 251 XVI
478 199 692 250 PRAEFATIO.

100 354 249 434 graphum
275 354 347 414 libri
377 352 418 414 W
445 352 666 413 simillimum
657 353 802 412 1nuenire
832 351 917 430 (uam
946 356 1070 417 tertium

99 440 205 500 archet
193 448 261 518 cypr
252 439 310 499 Μ
331 439 455 516 exempl
456 458 490 497 ar
443 437 695 497 linueniendi
717 457 790 516 spes
812 437 958 499 blandior
980 460 1081 521 quam.

99 526 210 585 certior
226 519 367 603 est*)),'
358 542 385 582 rs
401 520 512 582 abieot'
490 531 528 582 trs
542 521 567 581 B
581 521 603 582 0
616 520 645 581 V
660 522 901 601 similibusque
892 542 954 583 ram
974 525 1070 586 multo
1080 540 1087 581 .“

98 609 257 687 multoque
286 608 398 667 certius
426 605 580 685 ubique'
571 608 667 685 rpsius
695 605 728 664 ll
760 608 929 686 scripturas
956 611 1072 687 poterit

99 692 324 769 redintegrare.
1085 708 1088 713 ·

164 774 339 854 Scripturae
368 775 577 834 diuersitatem
605 794 643 832 ex
670 773 698 833 A
726 783 757 834 et
777 773 817 835 W
845 775 976 855 adposui
1006 776 1071 837 fere

100 880 221 920 omnem
252 861 462 919 minutissimis
492 857 676 938 quibusdam
709 859 838 919 omissis.
890 859 929 919 de
956 859 978 920 0
1010 862 1072 921 iam

98 964 191 1024 supra
213 945 287 1005 dixi.
330 943 355 1003 B
376 942 405 1003 V
426 942 573 1002 librorum
595 942 669 1001 inde
695 962 713 1001 a
735 963 807 1021 pan.
830 943 865 1001 II
887 944 1070 1025 plerumque

97 1028 248 1089 lectiones
277 1029 505 1089 consentientes
535 1027 622 1102 dedi,
653 1046 722 1086 cum
749 1028 929 1105 praesertim
950 1027 977 1088 B
1002 1050 1071 1109 pro·

98 1115 173 1193 priis
200 1114 285 1172 uitiis
312 1113 450 1191 plurimis
480 1113 587 1191 eisque
619 1109 659 1170 ad
687 1129 752 1170 rem
780 1112 916 1171 criticam
943 1132 1070 1191 prorsus

98 1197 179 1256 nihil
204 1194 379 1256 ualentibus
407 1202 534 1256 scateat.
578 1196 611 1253 in
633 1193 736 1254 uerbis
764 1194 935 1256 scribendis
962 1198 1071 1258 itidem

98 1281 125 1341 A
147 1281 277 1340 maxime
300 1289 331 1339 et
351 1278 391 1340 W
418 1289 538 1339 secutus
566 1299 633 1339 sum
659 1298 758 1358 usque
785 1279 864 1341 adeo
890 1288 925 1339 nt
945 1282 1000 1340 uel
1023 1284 1070 1341 in·

99 1365 317 1444 aequalitatem
339 1384 404 1423 non
418 1365 572 1442 fugerem3
596 1363 695 1425 ueluti
710 1362 757 1423 bis
781 1384 820 1424 ex
833 1363 861 1423 A
876 1366 1068 1444 ‘reciperari’
1093 1436 1099 1443 .

99 1450 228 1510 formam
253 1450 370 1527 recepi,
399 1469 467 1507 cum
489 1448 583 1507 multo
606 1448 746 1527 pluribus
768 1449 844 1508 locis
867 1449 1068 1527 ‘recuperari’

97 1534 151 1592 ille
180 1554 242 1594 una
270 1554 338 1592 cum
366 1533 493 1611 reliquis
521 1532 679 1611 praebeat.
726 1534 832 1613 itaque
859 1533 967 1605 uelim,
1003 1535 1071 1594 ubi-

98 1637 226 1717 cumque
251 1616 289 1678 dc
312 1620 464 1697 scriptura
485 1615 650 1676 uerborum
672 1616 718 1675 nil
740 1615 837 1676 adnot
825 1625 922 1677 tatum
945 1625 1005 1692 est,
1038 1620 1070 1678 in
1099 1662 1102 1667 -

97 1704 276 1762 uniuersum
297 1701 422 1781 quidem
444 1709 568 1761 context
569 1722 621 1760 um
639 1701 790 1760 codices
782 1720 865 1778 rpsos
888 1720 1070 1779 repraesen-

97 1795 165 1846 tare
187 1795 276 1865 putes
301 1787 411 1863 (ueluti
433 1807 507 1865 pan
523 1786 593 1844 131
618 1782 827 1864 percrebuit
852 1785 935 1863 quod
956 1805 1069 1847 moneo
1099 1748 1106 1845 l

98 1879 224 1949 propter
232 1871 477 1930 Buechelerum'
469 1890 502 1928 ιιι
513 1869 711 1928 Fleckeiseni
723 1869 826 1927 annal
840 1870 920 1928 1872
934 1889 965 1948 p
975 1852 1106 1947 115)3l

98 1973 283 2032 quamquam
299 1972 419 2013 omnem
430 1954 572 2013 lectionis
587 1954 767 2012 uarietatem
783 1952 950 2014 admoram
966 1952 1106 2014 ottho-¹
1099 1984 1106 2027 ι

99 2037 258 2116 graphium
280 2047 471 2117 spectantem
496 2037 619 2098 adferre
642 2057 750 2116 parum
771 2047 804 2096 ut
792 2038 886 2097 tilitat
841 2038 928 2111 tatis,
958 2048 1106 2121 utpote
1101 2030 1106 2093 l

98 2123 131 2180 in
159 2120 245 2181 libris
274 2122 390 2182 saeculi
414 2122 485 2195 XV,
514 2121 629 2181 habere
658 2130 704 2181 est
730 2123 841 2180 uisum
884 2122 991 2200 itaque
1020 2123 1106 2183 hic
1104 2144 1106 2187 ῑ

98 2224 209 2265 moneo
238 2226 286 2265 me
308 2208 400 2266 tacite
427 2207 597 2266 correxisse
619 2206 769 2266 formas
760 2227 793 2265 ιιι
816 2204 957 2265 omnibus
980 2206 1071 2267 libris
1104 2264 1106 2269 .

98 2291 174 2350 meis
198 2289 306 2350 obuias
328 2291 384 2351 has
408 2300 562 2364 connecto,
592 2294 763 2350 connubium
784 2290 866 2361 sim.;
897 2290 1070 2358 Danubium·
1102 2312 1105 2317 ·

97 2379 149 2448 dii,
174 2378 243 2441 diis,⁸
264 2380 437 2453 inultique,
460 2379 620 2451 auplicem
641 2378 789 2439 solemnis,¹
811 2375 982 2434 adolescens
1000 2374 1069 2453 (sed
1104 2426 1106 2445 ,

96 2457 137 2519 W
157 2459 332 2520 hauduam
356 2455 450 2538 adul.)
458 2487 467 2526 ‚·
499 2462 686 2534 pulchritudo
708 2460 775 2518 sim.
805 2454 852 2536 (in
873 2458 921 2517 his
944 2478 1068 2539 quoque
1104 2508 1106 2513 .

97 2542 136 2603 W
150 2544 318 2621 aliquando
338 2565 445 2604 uerum
465 2541 620 2619 exhibet);
643 2549 720 2603 illico
737 2552 768 2603 ct
783 2562 862 2622 quae
878 2552 950 2602 sunt
965 2542 1067 2605 huius·
1104 2552 1106 2557 '

97 2627 181 2686 modi
203 2628 326 2687 similia.

161 2711 271 2770 Restat
294 2719 328 2769 ut
350 2711 389 2769 de
412 2707 521 2768 ordine
543 2728 602 2786 quo
625 2710 658 2767 in
679 2709 714 2769 Μ
740 2710 881 2788 singulae
909 2712 1067 2773 orationes

97 2813 166 2854 sese
189 2796 368 2874 exceperint
390 2794 499 2854 dicam.
528 2811 584 2852 nos
608 2794 690 2853 enim
712 2793 751 2852 ab
771 2793 881 2854 ordine
903 2795 937 2852 in
958 2795 1067 2873 pleris-

98 2898 158 2958 que
179 2877 367 2939 editionibus
388 2887 512 2957 recepta
533 2897 661 2957 cumque
680 2878 851 2939 rationibus
872 2877 1067 2960 chronologi·

99 2964 141 3022 cis
164 2965 347 3040 congruenti
369 2983 432 3022 non
453 2961 599 3022 recedere
622 2983 678 3042 par
699 2972 773 3023 erat.
814 2963 985 3023 ituantem
1008 2965 1067 3024 hoc
1101 2978 1104 2989 ·

97 3067 224 3107 munere
252 3048 378 3126 fungar,
408 3056 444 3108 ut
468 3047 558 3108 simul
586 3066 676 3126 quam
703 3049 832 3128 quisque
859 3050 1067 3126 panegyricus

97 3135 130 3191 iu
152 3131 181 3191 A
201 3131 226 3191 Β
248 3131 288 3192 W
311 3131 396 3209 (nam
415 3130 444 3191 V
465 3132 561 3192 titulis
585 3134 708 3193 omnino
733 3140 832 3205 caret,
862 3134 896 3191 in
919 3130 940 3192 0
962 3141 1068 3194 autem

165 3280 193 3348 *)
218 3281 404 3344 Schwarzius‚
428 3282 475 3346 qui
493 3281 616 3333 codicum
634 3282 821 3333 Parisinorum
838 3280 873 3331 ad
891 3296 955 3346 pan.
973 3281 988 3330 I
1011 3282 1067 3335 col·

97 3348 217 3401 lationcs
236 3350 365 3416 possedit,
385 3350 414 3398 in
432 3349 507 3400 nullo
527 3365 619 3401 eorum
633 3348 796 3415 Cuspiniani
816 3348 1005 3399 additamenta.
1026 3352 1067 3399 in-

97 3417 188 3466 ueniri
206 3416 308 3468 alicubi
319 3420 436 3467 testatus
454 3423 506 3468 est.
531 3416 728 3482 Cuspiuianum
746 3422 839 3467 autem
856 3417 946 3482 ipsum
957 3415 981 3465 A
992 3415 1066 3468 libro

97 3498 176 3535 usum
194 3500 256 3536 esse
275 3485 405 3550 suspicor.
