2406 4012
191 211 251 275 106
487 211 536 261 111.
573 208 628 259 ou.
646 206 857 259 nanuumm

189 361 358 446 repentina
385 359 524 424 hostium
552 357 643 422 clade
664 358 862 440 promotum,
892 354 1009 419 omitto
1033 354 1162 419 Sarma·

189 447 254 510 tiae
280 445 493 510 uastationem
521 462 769 526 oppressumque
797 439 994 522 captiuitatis
1020 439 1160 503 uinculis

188 531 402 613 Saraoenum,
444 528 541 592 etiam
576 525 633 590 illa
666 547 747 608 quae
781 545 941 588 armorum
976 526 1160 587 uestrorum

188 620 310 679 terrore
341 614 428 677 faeta
466 615 542 675 sunt
586 610 675 674 uelut
715 609 811 673 armis
847 610 941 692 gesta
981 610 1158 691 praetereo,

165 700 332 762 sb'ranoos
363 697 401 761 ad
429 695 603 780 petendum
635 716 747 778 pacem
778 715 849 758 eum
885 713 961 775 rege
991 692 1158 757 uenientes

189 782 406 866 Parthumque
428 781 520 844 uobis
547 801 714 843 munerum
736 777 897 841 miraculis
920 777 1156 841 blandientem:

189 889 306 931 nouam
328 867 407 930 mihi
429 886 573 950 propono
596 863 721 928 dioendi
743 864 847 947 legem
868 867 920 945 ut,
953 883 1026 925 oum
1050 863 1156 925 omnia

189 952 299 1015 uidear
321 951 414 1016 silere
438 972 517 1033 quae
540 970 663 1012 summa
685 948 766 1030 sint,
790 947 955 1010 ostendam
977 949 1091 1021 tamon
1111 946 1155 1009 in·
1195 966 1198 971 ·

190 1057 258 1100 esse
280 1037 426 1100 laudibus
447 1034 564 1099 uestris
588 1033 651 1096 alia
674 1032 803 1096 maiora.

152 1142 177 1180 ιο
253 1119 310 1184 VI.
361 1120 449 1196 Quae
477 1120 575 1203 igitur
601 1118 656 1181 illa
683 1116 782 1181 sunt?
826 1117 928 1198 pietas
955 1118 1083 1198 uestra,
1112 1136 1154 1177 sa·
1193 1128 1199 1177 “.

191 1205 366 1269 cratissima
394 1205 581 1287 imperator,
609 1206 704 1285 atquo
725 1200 873 1265 felicitas.
918 1221 996 1263 nam
1018 1199 1153 1282 primum
1196 1252 1199 1259 .

190 1289 347 1371 omnium,
370 1290 489 1372 quauta
510 1291 618 1351 uestra
640 1290 690 1350 ost
712 1307 788 1370 erga
811 1284 887 1348 deos
909 1283 1038 1367 pietas?
1080 1302 1153 1369 quos

190 1374 254 1436 aris
288 1373 479 1450 simulacris,
518 1371 647 1454 templis
681 1369 838 1450 donariis,
870 1368 987 1432 uostris
1022 1368 1153 1452 deniquo

189 1458 373 1522 nominibus
402 1457 564 1539 asoriptis‚
601 1456 757 1519 adiunctis
789 1453 985 1538 imaginibus
1020 1452 1153 1517 ornastio

152 1563 178 1602 15
191 1543 430 1625 sanctioresque
451 1540 574 1605 fecistis
604 1540 749 1623 exemplo
772 1542 898 1602 uestrae
925 1536 1151 1601 uenerationis.

189 1649 276 1692 nuno
299 1628 385 1691 enim
406 1648 481 1691 uere
501 1625 647 1690 homines
669 1623 864 1707 intellegunt
885 1622 934 1661 ²⁸*
956 1644 995 1686 ao
1015 1625 1153 1706 potestas

190 1712 331 1794 deorum,
353 1734 424 1775 oum
446 1714 512 1775 tam
527 1711 671 1793 impense
694 1709 840 1772 colantur
862 1730 881 1771 a
899 1706 1003 1771 uobis.
1032 1706 1153 1789 deindo,

189 1796 224 1859 id
243 1797 327 1879 quod
345 1797 483 1859 maxime
506 1794 638 1858 deorum
660 1792 890 1858 immortalium
912 1813 985 1855 oum
1001 1790 1153 1876 religione

191 1881 395 1943 coniunctum
418 1884 479 1961 est,
508 1880 627 1961 quanta
654 1882 779 1942 uosmet
800 1877 938 1941 inuicem
962 1875 1087 1960 pietate
1110 1895 1154 1940 oo

150 1984 177 2022 20
190 1962 272 2025 litis!
307 1985 387 2046 quae
415 1963 500 2027 enim
527 1983 679 2044 umquam
706 1962 814 2027 uidere
841 1960 969 2026 saecula
994 1959 1097 2024 talem
1122 1960 1154 2024 in

190 2068 314 2110 summa
332 2050 491 2130 potestate
512 2047 736 2111 concordiam?
765 2049 819 2131 qui
837 2046 980 2132 germani
995 2044 1154 2131 geminine

189 2130 306 2196 fratres
328 2132 467 2196 indiuisa
487 2132 681 2216 patrimonio
704 2137 771 2196 tam
793 2132 1001 2216 aequabiliter
1022 2133 1154 2195 utuntur

190 2238 284 2300 quam
311 2239 370 2282 uos
403 2217 479 2282 orbo
506 2217 680 2282 Romano?
725 2240 764 2282 ex
791 2240 854 2301 quo
881 2216 1026 2301 profecto
1054 2216 1154 2281 mani·

189 2301 307 2367 festum
331 2306 380 2367 est
402 2307 579 2368 ceterorum
600 2303 765 2366 bominum
788 2303 912 2366 animas
935 2322 1004 2366 esse
1018 2301 1154 2366 humiles

151 2406 177 2445 aa
191 2390 223 2451 et
251 2388 400 2472 oadueas,
436 2392 559 2453 uestras
586 2410 661 2453 uero
691 2388 843 2452 caelestes
875 2391 907 2451 et
934 2408 1001 2451 sem
1025 2387 1154 2451 iternas.

189 2474 373 2539 obtrectant
394 2475 532 2540 inuicem
554 2474 614 2537 sibi
637 2473 775 2537 artifices
798 2494 928 2557 operum
946 2409 1145 2536 sordidorum

189 2561 239 2621 est
259 2559 343 2622 inter
358 2559 509 2624 auloedos
532 2560 630 2623 otiam
653 2579 788 2623 canorae
809 2558 899 2622 uoois
916 2557 1050 2640 inuidia,
1075 2522 1154 2622 nibil

187 2640 324 2724 denique
352 2647 421 2706 tam
447 2643 511 2706 uile
539 2647 667 2724 tamque
699 2644 831 2728 uulgare
860 2646 908 2708 est
940 2644 1030 2707 ouius
1058 2641 1153 2727 palti·

189 2723 275 2808 oipos
298 2725 449 2810 malignis
478 2725 699 2790 aemulationis
722 2728 861 2792 stimulis
882 2730 1014 2793 uacent:
1050 2730 1154 2801 uester

149 2829 263 2873 uouero
297 2810 487 2873 immortalis
521 2809 647 2874 animus
680 2813 827 2877 omnibus
856 2812 970 2896 opibus
1004 2813 1154 2896 omniqua

255 3002 271 3050 3
289 3015 391 3050 sarrae.
403 3001 436 3050 W
453 2999 463 3066 ΙΙ
480 3002 496 3050 t
515 3001 661 3066 petendum
674 3003 761 3053 Bert:
780 3003 928 3069 petendam
944 3000 994 3067 Mn
1010 3004 1041 3053 10
1060 3017 1117 3053 aaa.
1128 3002 1154 3051 1

187 3064 195 3132 ll
214 3068 244 3116 12
264 3073 369 3132 quanta
380 3073 475 3119 uestra
487 3075 529 3119 ost
539 3070 562 3117 A
571 3070 604 3117 W
614 3071 704 3123 Bora:
723 3075 828 3135 quanta
845 3076 940 3121 uestra
953 3071 973 3119 B
982 3072 999 3119 0
1010 3071 1032 3118 V
1050 3075 1154 3136 quauta

188 3139 232 3185 est
249 3141 344 3186 uestra
362 3139 420 3187 edd.
436 3136 441 3201 Ι
457 3152 510 3203 quo
522 3138 545 3185 A
562 3135 571 3203 ΙΙ
589 3140 621 3189 16
641 3153 773 3202 quaenam
791 3138 949 3203 magnitudo
968 3153 1002 3188 ao
1020 3144 1079 3203 pot.
1090 3138 1153 3189 Ille·

187 3220 268 3255 nantia
286 3209 391 3268 quanta
410 3210 466 3271 pot.
480 3206 598 3256 Eldilciua
616 3214 641 3256 et
653 3222 699 3270 eqo
718 3208 774 3255 olim
786 3209 801 3259 l.
814 3208 831 3257 l.
843 3209 895 3254 210
914 3210 1021 3271 quanta
1040 3207 1078 3256 sit
1096 3209 1152 3271 pot.

187 3272 224 3320 H.
235 3273 355 3323 Ilueliliua
367 3275 383 3322 l.
394 3276 408 3323 l.
419 3290 445 3336 p.
456 3275 472 3321 8
484 3271 494 3337 ΙΙ
508 3276 539 3323 17
554 3288 602 3322 our
614 3286 639 3321 w
654 3273 657 3335 Ι
674 3270 784 3339 deinde]
799 3273 918 3338 donique
927 3271 1074 3389 Beraqw
1086 3286 1153 3338 quao

188 3339 260 3388 euim
272 3355 399 3405 umquam
412 3341 513 3390 [tuella
527 3355 597 3405 quae
609 3341 777 3405 nimbiquam
789 3340 869 3405 (quae
878 3339 964 3403 Bere.)
977 3342 1000 3389 A
1036 3348 1096 3404 ert,
1108 3340 1154 3391 sed

186 3406 405 3471 inloeeaepunctis
417 3406 473 3457 ulla
482 3423 609 3472 unquam.
619 3423 690 3473 quae
700 3410 875 3472 unquamb
886 3423 957 3472 quae
965 3407 1024 3457 ulla
1033 3423 1152 3473 uuquam

188 3472 233 3520 GV
245 3470 255 3536 ΙΙ
268 3476 298 3523 21
307 3474 496 3539 geminiqueW
508 3473 519 3540 ΙΙ
530 3477 622 3526 ausiti
631 3476 772 3525 inuicemc
786 3474 795 3540 ΙΙ
808 3474 977 3526 27auloedoa
986 3479 1095 3541 scripsi:
1104 3474 1153 3525 ali-

188 3553 256 3602 quos
266 3543 293 3588 H
301 3541 372 3592 alios
382 3542 590 3606 Eyssenhardtua
603 3542 613 3609 ΙΙ
625 3545 658 3593 28
668 3548 722 3593 tam
732 3544 846 3608 uulg.w
858 3540 868 3608 ΙΙ
881 3546 913 3594 ‘29
924 3542 1153 3595 stimulationisA
