2406 4012
198 205 259 269 112
494 207 545 256 111.
582 204 636 256 ca.
654 205 866 257 transenna

195 357 252 441 qni
273 360 351 421 tunc
373 357 470 419 uestri
493 376 604 418 sensus
626 353 737 419 fuere?
766 354 817 438 qui
841 352 972 416 uultus?
1000 376 1103 438 qnam
1124 356 1173 421 in·

196 442 356 525 patientes
383 440 422 503 ad
448 439 711 503 dissimulandum
738 437 891 502 indicium
914 439 1172 521 perturbationis

197 525 304 591 oculi?
348 523 533 607 respexistis
555 523 698 606 profecto
721 521 862 606 saepius3
896 543 1003 606 neque
1026 522 1110 589 haec
1133 524 1171 591 de

196 610 288 674 nobis
320 630 404 671 uana
428 608 604 691 finguntur.
647 606 726 671 talia
758 607 850 671 uobis
877 605 1012 671 dedistis
1046 608 1168 693 omina,

169 695 261 759 seito
284 693 324 756 ad
347 696 551 774 conspectum
574 695 720 755 mutuum
741 690 909 755 reuersnri.

260 776 349 841 XIII.
401 776 518 840 Facilis
552 780 601 840 cst
633 775 713 839 mihi
744 775 914 854 transitus,
949 776 1166 843 sacratissime

197 862 386 945 imperator,
422 863 462 924 ab
489 860 549 924 hac
576 859 707 943 pietatis
734 862 861 924 uestrae
891 858 985 923 laude
1014 860 1058 925 ad
1080 882 1165 959 proe-
1194 878 1199 885 ·

197 946 393 1011 dicationem
423 944 596 1009 felicitatis.
641 944 703 1008 hoc
736 945 822 1007 enim
856 943 964 1027 ipsum
996 943 1163 1011 felic1tatis
1189 968 1201 1031 j

198 1035 247 1096 est
274 1031 359 1114 quod
392 1034 428 1094 ut
456 1029 639 1113 conspicere
673 1049 731 1092 uos
757 1028 898 1092 inuicem
930 1029 1162 1115 complectique
1199 1054 1201 1059 ·

160 1131 187 1173 rc
197 1116 326 1199 possitis
356 1115 390 1178 in
418 1136 515 1177 manu
543 1117 650 1176 nestra
678 1118 737 1193 est.
785 1112 884 1176 solem
912 1114 1022 1197 ipsum
1045 1114 1160 1181 lunam-
1190 1150 1201 1175 .·

197 1221 258 1282 que
280 1201 454 1276 cernimus,
484 1198 559 1281 qnia
580 1198 678 1261 totins
700 1196 812 1260 mnndi
833 1197 1016 1282 funguntur
1039 1198 1157 1283 officiis,

197 1303 263 1345 non
291 1283 353 1345 nisi
380 1287 455 1366 post
481 1281 582 1345 multa
611 1281 738 1346 saecula
771 1284 859 1345 certa
884 1281 957 1366 lege
983 1286 1157 1367 temporum

198 1366 383 1430 conuenire:
421 1369 529 1430 uestra
549 1370 617 1431 tam
639 1366 741 1430 libera
762 1368 811 1430 est
839 1368 872 1429 et
892 1366 989 1431 beata
1015 1369 1157 1433 maiestas

197 1450 290 1514 utin
313 1451 444 1514 summis
466 1451 560 1515 rebus
582 1451 710 1536 generis
733 1449 865 1514 humani
890 1449 974 1515 nihil
995 1452 1157 1517 nobisne
1196 1509 1197 1512 ,

158 1552 184 1592 1⁵
201 1557 287 1600 cesso
315 1535 358 1599 sit
385 1536 449 1600 nisi
476 1538 602 1600 uestrae
629 1556 742 1618 parere
769 1534 892 1619 pietati.
943 1538 1104 1621 ceterum,
1132 1536 1157 1601 si

197 1621 268 1705 quis
291 1621 331 1684 ad
353 1620 494 1684 humana
514 1620 678 1704 respiciat,
706 1619 953 1704 quantomagis
976 1620 1156 1707 magnitudo

196 1709 323 1769 nestrae
345 1705 508 1771 felicitatis
530 1704 706 1788 appareat?
743 1703 889 1767 homines
911 1704 1050 1787 priuatis
1071 1706 1156 1771 rebus

197 1790 315 1853 intenti
344 1790 390 1853 ita
416 1790 601 1873 plerumque
628 1788 766 1872 propriis
792 1788 1039 1854 difficultatibus
1061 1789 1156 1874 impli·
1191 1810 1194 1815 ·

199 1875 313 1936 cantur
345 1877 382 1936 nt
408 1873 495 1936 omni
529 1894 608 1936 aeuo
642 1875 773 1937 careant
802 1873 890 1937 aditu
918 1894 1067 1940 suorum:
1106 1894 1157 1939 uos

157 1974 184 2013 ao
197 1958 308 2019 tantae
344 1956 538 2039 reipublicae
575 1956 851 2021 administratione
883 1962 1050 2042 suscepta,
1086 1978 1157 2044 qnos
1198 1958 1201 2019 i

196 2038 259 2103 huc
287 2042 381 2121 atque
408 2039 486 2103 illuc
513 2043 563 2102 tot
589 2041 701 2120 urbae,
729 2044 780 2104 tot
806 2048 927 2125 castra,
955 2045 1007 2108 tot
1033 2043 1157 2126 limites,

196 2125 247 2186 tot
268 2124 473 2188 circumiecta
495 2123 641 2188 Romano
667 2124 802 2208 imperio
823 2127 956 2191 flumina
979 2131 1107 2195 montes
1126 2126 1158 2191 li·

196 2211 269 2272 tora
297 2212 429 2291 uocant,
463 2211 591 2272 tantum
617 2209 733 2273 animis
761 2231 798 2275 ac
825 2210 956 2275 fortuna
983 2213 1102 2279 uelatis
1126 2214 1159 2276 nt

196 2293 231 2357 in
245 2316 346 2358 unum
368 2294 540 2358 conuenire
554 2294 684 2377 possitis
706 2293 912 2359 nihilominus
937 2297 1015 2360 orbe
1041 2317 1157 2363 secuto.

157 2396 183 2437 aa
197 2400 300 2464 neque
333 2380 419 2444 enim
451 2401 526 2463 pars
553 2378 619 2442 ulla
644 2381 801 2443 terrarum
834 2379 1012 2445 maiestatis
1039 2384 1159 2447 uasta

195 2465 380 2548 praesentia
402 2468 498 2547 caret,
523 2464 620 2528 etiam
642 2485 713 2528 cum
733 2464 797 2547 ipsi
818 2465 929 2528 abesse
950 2465 1136 2531 uideamini.

260 2548 347 2612 XIV.
402 2547 453 2612 Ne
479 2548 640 2613 tantulum
674 2547 801 2631 quidem
829 2549 985 2614 barbarae
1013 2552 1158 2617 nationes

196 2631 316 2694 audent
349 2632 474 2694 animos
507 2632 668 2714 attollere,
705 2631 789 2715 quod
823 2655 880 2697 nos
914 2634 950 2697 in
977 2634 1159 2701 interiorem

196 2713 322 2796 imperii
350 2714 450 2777 uestri
484 2715 590 2777 sinum
618 2717 825 2802 secesseritis3
863 2717 941 2800 quin
969 2718 1074 2785 immo
1103 2717 1159 2805 ipsi

265 2919 278 2966 1
297 2917 476 2983 impatientes
494 2919 638 2969 Paternus:
655 2921 795 2985 patientes
812 2925 853 2986 Η,
872 2925 953 2972 malim
971 2923 1130 2989 inpotentes
1147 2922 1158 2987 ᾗΙ

196 2987 212 3035 2
230 2985 266 3034 ad
284 2985 466 3036 simulandum
485 2988 503 3034 0
519 2986 523 3050 Ι
539 2986 670 3037 iudicium
687 2990 739 3038 Ac
756 2987 766 3054 ΙΙ
782 2993 799 3040 4
815 2990 916 3041 dedisti
933 2988 1083 3054 clemins
1094 2993 1159 3041 Vs:

197 3054 287 3104 omine
304 3054 324 3102 Β
344 3056 435 3104 omniu
453 3056 507 3103 Δο
528 3051 538 3118 ΙΙ
560 3055 575 3103 6
595 3069 649 3105 sac.
669 3058 696 3103 Π
712 3054 723 3122 ΙΙ
745 3060 775 3106 11
795 3059 842 3122 qni
860 3059 991 3109 Liuineius
1012 3056 1023 3125 ΙΙ
1045 3063 1080 3110 12
1097 3066 1159 3111 tem·

196 3136 291 3186 porum
313 3138 360 3173 om.
379 3123 410 3169 W
440 3120 450 3187 ΙΙ
481 3125 512 3173 13
536 3127 592 3172 tarn
608 3124 631 3171 A
649 3123 693 3172 W:
718 3132 810 3174 tamen
831 3126 852 3174 Β
870 3127 887 3173 0
905 3126 928 3173 V
956 3123 966 3191 ΙΙ
998 3129 1031 3177 15
1053 3120 1158 3193 parere]

195 3207 229 3241 un
246 3193 375 3255 parcere?
391 3187 402 3256 ll
424 3192 455 3240 19
474 3191 547 3240 omni
566 3206 633 3241 aeno
653 3195 767 3243 careant
784 3193 931 3243 Puteanus:
954 3195 1047 3245 omnia
1068 3208 1160 3247 cucu-

195 3263 257 3307 rent
269 3260 297 3305 Ι
309 3258 384 3308 Bere.
403 3258 511 3308 omuino
530 3274 584 3308 non
602 3264 705 3309 uacent
718 3259 852 3310 Acidaliae
869 3261 904 3309 ab
922 3261 996 3311 omni
1010 3267 1160 3315 enecentur

195 3326 359 3388 Amtzenius,
378 3327 424 3375 ulii
440 3326 492 3375 aliu
506 3323 511 3391 Ι
527 3326 604 3376 aditu
621 3333 777 3390 suspectum:
796 3343 829 3377 aa
846 3325 939 3393 usulll
956 3330 989 3380 20
1007 3334 1088 3381 tanta
1105 3328 1159 3382 aaa

197 3387 209 3454 11
229 3393 261 3439 22
281 3394 454 3443 circumiecto
472 3394 489 3440 0
525 3394 642 3458 imperia
654 3395 677 3442 A
690 3391 699 3459 ΙΙ
712 3396 744 3443 23
764 3395 876 3455 animis;
895 3398 977 3447 malim
994 3399 1083 3449 armis
1097 3396 1103 3463 Ι
1116 3412 1147 3449 ac

196 3460 224 3506 ct
235 3457 268 3506 W
279 3457 289 3523 ΙΙ
302 3462 335 3511 25
352 3464 446 3511 nestra
463 3458 502 3524 Al
520 3462 553 3510 26
572 3462 733 3525 praesentia
751 3463 824 3512 edd.:
843 3460 923 3528 pritia
935 3466 963 3511 Ι
981 3463 1148 3528 (potentiali

197 3520 209 3587 Η
229 3525 262 3574 29
280 3527 368 3575 sinum
386 3529 409 3576 A
420 3527 453 3576 W
464 3528 552 3578 Bert:
569 3545 616 3579 cm.
635 3530 656 3578 B
674 3532 691 3578 0
710 3530 732 3577 V
751 3527 755 3595 Ι
776 3532 963 3582 successaritis
979 3532 1014 3581 W
