2406 4012
270 203 527 259 oouarnrrmo
546 205 726 262 annuero,
745 209 821 258 r-e.
971 206 1031 271 187

50 354 879 523 {325³lttmtffltttddt?ttffiqultlt
887 356 1031 524 alaidi?

52 525 146 620 tium
169 522 370 619 peruenitur,
404 543 544 619 paupere
572 524 700 621 quidem
734 525 941 608 supellectili,
976 526 1032 590 sed

54 606 1056 776 matt⁰⁰[lssttttttjffltttlttttttt⁵

55 777 275 843 instrumenta
303 776 503 840 modulorum
524 798 582 859 per
605 777 793 861 compendia
822 780 948 862 saepius
970 780 1031 844 tibi

55 881 230 927 occursura
250 860 451 943 protulimus.
488 861 605 924 diuites
627 883 686 924 nos
709 863 851 927 erederet
872 863 926 946 qui
949 865 1030 927 ueri-

55 949 162 1011 tatem
198 944 304 1009 studio
338 945 532 1012 aestimaret.
583 945 637 1009 sed
674 946 760 1009 enim
792 946 1029 1030 prouidentiam

56 1034 149 1095 tuam
178 1029 278 1093 latere
311 1049 377 1092 non
405 1029 512 1112 potuit
541 1030 688 1113 quamuis
715 1030 796 1094 bene
828 1030 1029 1094 dissimulata

56 1116 249 1263 ppppssrtlps:
270 1113 459 1178 intellexisti
474 1114 652 1178 officiosam
669 1118 701 1178 et
714 1113 881 1179 honestam
896 1116 1027 1197 inopum
1042 1135 1068 1175 ιο

55 1222 80 1265 u
205 1220 248 1262 m.

122 1281 181 1347 ΙΧ.
225 1281 346 1366 Sponte
374 1303 434 1347 nos
460 1282 499 1346 ad
522 1283 664 1347 numinis
685 1284 733 1347 tui
757 1283 879 1348 aditum
903 1305 1030 1366 uocare,

57 1370 174 1453 sponte
196 1366 306 1447 affari,
329 1370 444 1450 sponte
467 1366 543 1450 quid
564 1368 633 1450 opis
657 1368 907 1432 desideraremus
930 1369 1029 1432 inter-

55 1472 174 1536 rogare
208 1451 359 1535 dignatus
392 1472 435 1515 es,
484 1451 562 1515 haee
596 1456 686 1535 sunt,
723 1453 914 1535 imperator,
952 1474 1029 1516 uera

56 1535 216 1601 beneficia
242 1557 323 1619 quae
351 1556 419 1598 non
439 1535 586 1620 precibus
613 1536 805 1620 efflagitata,
835 1536 891 1599 sed
913 1557 953 1599 ex
974 1558 1028 1600 uo·
1042 1555 1067 1596 15

55 1620 202 1685 luntaria
227 1623 284 1684 tua
305 1619 450 1684 bonitate
472 1620 670 1702 proueniunt
698 1624 730 1683 et
753 1620 832 1683 eitra
854 1619 953 1682 ullam
974 1641 1028 1702 pe-

55 1705 149 1771 tendi
181 1704 360 1769 molestiam
392 1703 592 1786 adipiscendi
628 1703 827 1786 uoluptatem
860 1703 1026 1767 dederunt.

22 1800 25 1805 ’
54 1788 905 1957 &trittPldltlttlldllmtttttt
929 1788 1028 1937 ill?

56 1958 151 2023 maffia
169 1960 301 2040 aspectu
315 1956 490 2040 perfricare
507 1956 656 2040 frontem,
677 1958 801 2022 uultum
824 1978 1025 2042 componere,
1042 1977 1068 2016 ao

56 2042 247 2107 confirmare
269 2045 428 2122 animum,
457 2041 555 2106 uerba
581 2043 764 2126 oonoipere,
794 2043 1028 2126 intrepidanter

51 2127 178 2210 ditare,
213 2130 288 2209 apte
322 2125 482 2210 desinere,
519 2131 688 2210 expectare
718 2149 918 2211 responsum.
968 2127 1027 2190 has

55 2232 169 2277 omnes
190 2210 415 2294 difficultates,
447 2210 634 2295 imperator,
663 2212 873 2276 uerecundiae
896 2213 1027 2274 nostrae

55 2294 225 2379 remisisti,
257 2315 326 2360 non
347 2295 452 2360 solum
479 2296 564 2359 ultro
586 2294 806 2378 percontando
831 2295 907 2377 quid
929 2314 1028 2356 reme·

56 2380 105 2445 dii
125 2401 339 2465 posceremus,
363 2380 419 2444 sed
442 2379 539 2443 etiam
552 2379 613 2443 tibi
635 2379 697 2461 ipsi
721 2376 923 2462 suggerendo
946 2397 1027 2459 quae
1041 2392 1066 2434 aa

55 2486 121 2530 nos
141 2464 336 2546 tenebamus,
360 2464 436 2528 dum
457 2484 516 2528 noa
538 2463 679 2527 iacentes
702 2463 742 2526 ad
757 2461 854 2545 pedes
869 2465 943 2525 tuos
967 2460 1027 2524 ele-

56 2549 258 2614 mentissimo
293 2549 415 2613 attollis
445 2547 555 2611 affatu.
605 2547 744 2611 uidimus
777 2545 1027 2610 misericordiam

47 2638 148 2699 tuam
170 2634 354 2698 umentibus
382 2632 483 2697 oeulis
504 2632 711 2697 eminentem.
754 2632 847 2696 ibant
891 2651 925 2695 er
947 2630 1027 2695 haee

55 2740 114 2783 ora
127 2718 287 2801 laarimae
310 2718 459 2783 lacrimae
474 2717 567 2782 nobis
586 2717 753 2799 salutares,
775 2717 837 2781 tibi
851 2654 1026 2801 gloriosae:

56 2807 91 2867 et
113 2823 174 2869 nos
195 2802 335 2867 inuicem
357 2803 423 2866 iam
441 2803 549 2867 dolore
565 2802 709 2868 discusso
730 2802 884 2867 flebamus
899 2800 1026 2886 gaudio.
1041 2819 1066 2859 ao

56 2908 134 2952 nam
155 2887 241 2952 sieut
262 2907 357 2972 agros
381 2886 533 2952 diuturno
560 2887 671 2952 ardore
700 2887 846 2951 sitientes
870 2886 1028 2968 expetitus

110 3062 125 3109 1
136 3058 433 3124 ansaeperimueBert.,
442 3061 491 3110 red
500 3061 662 3122 idemp.186,
673 3059 708 3107 28
718 3065 745 3105 et
755 3056 872 3119 quodam
881 3071 935 3104 cam
944 3056 1001 3105 rell.
1014 3054 1026 3116 l}

55 3129 73 3177 5
91 3127 257 3191 protulimus
269 3128 319 3179 del.
332 3128 466 3191 Jaeyerar,
485 3129 592 3176 alterum
604 3129 619 3175 l.
635 3129 650 3173 7
662 3126 794 3176 Liuineius
806 3121 816 3188 ΙΙ
830 3125 860 3172 12
879 3135 978 3172 uocare
990 3133 1028 3168 w:

55 3209 176 3246 nocam
193 3196 221 3243 li
238 3194 315 3244 Bert.
344 3191 357 3259 ΙΙ
386 3197 418 3245 13
435 3194 496 3258 opis
514 3194 559 3242 W:
578 3207 646 3257 opus
664 3194 687 3241 A
703 3193 724 3241 B
742 3193 759 3238 (l
778 3191 800 3238 V
823 3187 833 3255 ΙΙ
864 3190 896 3238 18
913 3189 1028 3252 impera·

56 3267 147 3312 torem
159 3275 199 3311 vr
217 3263 368 3326 imperator
381 3263 409 3310 lt
421 3260 430 3327 ΙΙ
445 3263 476 3312 19
494 3260 603 3325 peculia
615 3263 658 3310 ter
668 3261 692 3309 A
707 3259 712 3322 Ι
728 3259 793 3309 subs
804 3259 827 3307 A
839 3255 849 3322 ΙΙ
862 3259 895 3307 20
913 3259 1029 3320 aspectu

55 3330 207 3379 Acidaliae:
224 3328 329 3380 affeetu
345 3330 373 3377 tt
427 3332 459 3379 21
478 3328 676 3393 intrepidanter
693 3329 841 3377 Acidaliae:
859 3324 1030 3388 trepidanter

54 3394 139 3527 ptem
156 3398 190 3457 A)
207 3398 236 3445 tt
254 3394 264 3462 ΙΙ
281 3400 313 3447 22
332 3403 396 3461 apta
428 3401 524 3461 aparte
541 3398 574 3445 W
591 3393 600 3460 ΙΙ
621 3397 655 3445 24
671 3394 803 3446 remisisti
821 3394 894 3443 edd:
912 3391 1030 3442 renuisti

66 3467 126 3517 r‘en.
143 3462 178 3528 A)
195 3466 224 3513 At
238 3463 243 3530 Ι
258 3463 331 3514 ultro
349 3465 371 3513 A
387 3477 425 3514 w:
444 3464 594 3523 ultrazrett.
608 3460 663 3527 1129
681 3462 813 3512 lacrimae
833 3460 964 3511 lacrimae
983 3460 1028 3508 W:

54 3530 190 3583 lacrimae
208 3534 232 3582 A
249 3533 269 3581 B
287 3533 305 3580 c
324 3532 345 3579 v
