<?xml version="1.0" encoding="UTF-8"?>
<!DOCTYPE html PUBLIC "-//W3C//DTD XHTML 1.0 Transitional//EN"
    "http://www.w3.org/TR/xhtml1/DTD/xhtml1-transitional.dtd">
<html xmlns="http://www.w3.org/1999/xhtml" xml:lang="en" lang="en">
 <head>
  <title>
</title>
<meta http-equiv="Content-Type" content="text/html;charset=utf-8" />
  <meta name='ocr-system' content='tesseract 3.04.00' />
  <meta name='ocr-capabilities' content='ocr_page ocr_carea ocr_par ocr_line ocrx_word'/>
</head>
<body>
  <div class='ocr_page' id='page_1' title='image "./xiipanegyricila01baehgoog_0083.png"; bbox 0 0 2406 4012; ppageno 0'>
   <div class='ocr_carea' id='block_1_1' title="bbox 188 242 829 308">
    <p class='ocr_par' dir='ltr' id='par_1_1' title="bbox 188 242 829 308">
     <span class='ocr_line' id='line_1_1' title="bbox 188 242 829 308; baseline 0.006 -14"><span class='ocrx_word' id='word_1_1' title='bbox 188 245 231 308; x_wconf 81' lang='lat'><strong>50</strong></span> <span class='ocrx_word' id='word_1_2' title='bbox 514 246 537 297; x_wconf 89' lang='lat'><strong>1.</strong></span> <span class='ocrx_word' id='word_1_3' title='bbox 568 242 598 293; x_wconf 87' lang='lat' dir='ltr'><strong>c.</strong></span> <span class='ocrx_word' id='word_1_4' title='bbox 616 244 732 295; x_wconf 74' lang='lat' dir='ltr'><strong>cumn</strong></span> <span class='ocrx_word' id='word_1_5' title='bbox 750 244 829 298; x_wconf 83' lang='lat' dir='ltr'><strong>PAN.</strong></span> 
     </span>
    </p>
   </div>
   <div class='ocr_carea' id='block_1_2' title="bbox 102 392 1201 3007">
    <p class='ocr_par' dir='ltr' id='par_1_2' title="bbox 102 392 1201 3007">
     <span class='ocr_line' id='line_1_2' title="bbox 189 392 1159 478; baseline 0.003 -19"><span class='ocrx_word' id='word_1_6' title='bbox 189 399 226 459; x_wconf 92' lang='lat' dir='ltr'><strong>ut</strong></span> <span class='ocrx_word' id='word_1_7' title='bbox 248 397 400 478; x_wconf 85' lang='lat' dir='ltr'><strong>appareat</strong></span> <span class='ocrx_word' id='word_1_8' title='bbox 421 415 487 458; x_wconf 92' lang='lat' dir='ltr'><strong>non</strong></span> <span class='ocrx_word' id='word_1_9' title='bbox 510 393 659 477; x_wconf 86' lang='lat' dir='ltr'><strong>superbia</strong></span> <span class='ocrx_word' id='word_1_10' title='bbox 681 395 713 456; x_wconf 92' lang='lat' dir='ltr'><strong>et</strong></span> <span class='ocrx_word' id='word_1_11' title='bbox 733 392 863 456; x_wconf 88' lang='lat' dir='ltr'><strong>fastidio</strong></span> <span class='ocrx_word' id='word_1_12' title='bbox 890 396 922 457; x_wconf 88' lang='lat' dir='ltr'><strong>te</strong></span> <span class='ocrx_word' id='word_1_13' title='bbox 944 394 1159 478; x_wconf 86' lang='lat' dir='ltr'><strong>amplissimos</strong></span> 
     </span>
     <span class='ocr_line' id='line_1_3' title="bbox 189 476 1188 565; baseline 0.003 -22"><span class='ocrx_word' id='word_1_14' title='bbox 189 480 326 543; x_wconf 84' lang='lat' dir='ltr'>honores</span> <span class='ocrx_word' id='word_1_15' title='bbox 349 478 526 563; x_wconf 82' lang='lat' dir='ltr'><strong>repudiare,</strong></span> <span class='ocrx_word' id='word_1_16' title='bbox 549 478 603 560; x_wconf 91' lang='lat' dir='ltr'><strong>qui</strong></span> <span class='ocrx_word' id='word_1_17' title='bbox 625 476 765 541; x_wconf 86' lang='lat' dir='ltr'><strong>minores</strong></span> <span class='ocrx_word' id='word_1_18' title='bbox 787 498 855 540; x_wconf 91' lang='lat' dir='ltr'><strong>non</strong></span> <span class='ocrx_word' id='word_1_19' title='bbox 870 476 1067 563; x_wconf 84' lang='lat' dir='ltr'><strong>dedigneris.</strong></span> <span class='ocrx_word' id='word_1_20' title='bbox 1091 482 1156 565; x_wconf 91' lang='lat' dir='ltr'><strong>pul·</strong></span> <span class='ocrx_word' id='word_1_21' title='bbox 1187 503 1188 518; x_wconf 76' lang='lat'>³</span> 
     </span>
     <span class='ocr_line' id='line_1_4' title="bbox 190 561 1157 646; baseline 0.002 -18"><span class='ocrx_word' id='word_1_22' title='bbox 190 565 274 628; x_wconf 86' lang='lat' dir='ltr'><strong>orius</strong></span> <span class='ocrx_word' id='word_1_23' title='bbox 301 564 372 646; x_wconf 87' lang='lat' dir='ltr'><strong>hoc,</strong></span> <span class='ocrx_word' id='word_1_24' title='bbox 403 561 530 645; x_wconf 85' lang='lat' dir='ltr'><strong>ansar,</strong></span> <span class='ocrx_word' id='word_1_25' title='bbox 559 583 654 644; x_wconf 89' lang='lat' dir='ltr'><strong>quam</strong></span> <span class='ocrx_word' id='word_1_26' title='bbox 683 561 710 625; x_wconf 89' lang='lat' dir='ltr'><strong>si</strong></span> <span class='ocrx_word' id='word_1_27' title='bbox 736 582 898 625; x_wconf 81' lang='lat' dir='ltr'>recusares</span> <span class='ocrx_word' id='word_1_28' title='bbox 925 583 1056 629; x_wconf 86' lang='lat' dir='ltr'><strong>omnes:</strong></span> <span class='ocrx_word' id='word_1_29' title='bbox 1084 587 1157 630; x_wconf 84' lang='lat' dir='ltr'><strong>narn</strong></span> 
     </span>
     <span class='ocr_line' id='line_1_5' title="bbox 188 645 1187 735; baseline 0.003 -23"><span class='ocrx_word' id='word_1_30' title='bbox 188 668 334 713; x_wconf 85' lang='lat' dir='ltr'><strong>recusare</strong></span> <span class='ocrx_word' id='word_1_31' title='bbox 357 668 467 711; x_wconf 88' lang='lat' dir='ltr'><strong>omnes</strong></span> <span class='ocrx_word' id='word_1_32' title='bbox 489 645 683 728; x_wconf 75' lang='lat' dir='ltr'><strong>ambitionis,</strong></span> <span class='ocrx_word' id='word_1_33' title='bbox 705 645 933 710; x_wconf 76' lang='lat' dir='ltr'><strong>moderationis</strong></span> <span class='ocrx_word' id='word_1_34' title='bbox 962 651 1013 712; x_wconf 88' lang='lat' dir='ltr'><strong>est</strong></span> <span class='ocrx_word' id='word_1_35' title='bbox 1041 650 1157 735; x_wconf 84' lang='lat' dir='ltr'><strong>eligere</strong></span> <span class='ocrx_word' id='word_1_36' title='bbox 1183 704 1187 727; x_wconf 76' lang='grc'>,</span> 
     </span>
     <span class='ocr_line' id='line_1_6' title="bbox 165 731 1157 816; baseline 0.008 -24"><span class='ocrx_word' id='word_1_37' title='bbox 165 731 405 815; x_wconf 73' lang='lat' dir='ltr'><strong>sparcissimoa</strong></span> <span class='ocrx_word' id='word_1_38' title='bbox 443 752 505 816; x_wconf 92' lang='lat' dir='ltr'><strong>quo</strong></span> <span class='ocrx_word' id='word_1_39' title='bbox 526 732 780 814; x_wconf 85' lang='lat' dir='ltr'><strong>temperamento</strong></span> <span class='ocrx_word' id='word_1_40' title='bbox 803 733 835 794; x_wconf 88' lang='lat' dir='ltr'><strong>et</strong></span> <span class='ocrx_word' id='word_1_41' title='bbox 856 731 949 795; x_wconf 91' lang='lat' dir='ltr'><strong>nobis</strong></span> <span class='ocrx_word' id='word_1_42' title='bbox 971 735 1006 796; x_wconf 90' lang='lat' dir='ltr'><strong>et</strong></span> <span class='ocrx_word' id='word_1_43' title='bbox 1032 736 1157 801; x_wconf 80' lang='lat' dir='ltr'><strong>aerario</strong></span> 
     </span>
     <span class='ocr_line' id='line_1_7' title="bbox 191 815 1156 899; baseline 0.005 -19"><span class='ocrx_word' id='word_1_44' title='bbox 191 817 340 881; x_wconf 80' lang='lat' dir='ltr'><strong>consutis:</strong></span> <span class='ocrx_word' id='word_1_45' title='bbox 361 815 451 881; x_wconf 78' lang='lat' dir='ltr'><strong>nobis</strong></span> <span class='ocrx_word' id='word_1_46' title='bbox 474 817 598 897; x_wconf 79' lang='lat' dir='ltr'><strong>quidem</strong></span> <span class='ocrx_word' id='word_1_47' title='bbox 620 816 703 896; x_wconf 80' lang='lat' dir='ltr'><strong>quod</strong></span> <span class='ocrx_word' id='word_1_48' title='bbox 723 816 809 879; x_wconf 80' lang='lat' dir='ltr'><strong>omni</strong></span> <span class='ocrx_word' id='word_1_49' title='bbox 831 815 946 881; x_wconf 79' lang='lat' dir='ltr'><strong>liberas</strong></span> <span class='ocrx_word' id='word_1_50' title='bbox 965 820 1156 899; x_wconf 65' lang='lat' dir='ltr'><strong>suspicioaa</strong></span> 
     </span>
     <span class='ocr_line' id='line_1_8' title="bbox 191 899 1184 987; baseline 0.003 -23"><span class='ocrx_word' id='word_1_51' title='bbox 191 901 312 964; x_wconf 89' lang='lat' dir='ltr'><strong>aerario</strong></span> <span class='ocrx_word' id='word_1_52' title='bbox 334 903 439 964; x_wconf 89' lang='lat' dir='ltr'><strong>autem</strong></span> <span class='ocrx_word' id='word_1_53' title='bbox 464 901 548 982; x_wconf 90' lang='lat' dir='ltr'><strong>quod</strong></span> <span class='ocrx_word' id='word_1_54' title='bbox 571 899 751 983; x_wconf 74' lang='lat' dir='ltr'><strong>sumptibus</strong></span> <span class='ocrx_word' id='word_1_55' title='bbox 776 900 844 963; x_wconf 86' lang='lat' dir='ltr'><strong>eius</strong></span> <span class='ocrx_word' id='word_1_56' title='bbox 866 900 998 965; x_wconf 77' lang='lat' dir='ltr'><strong>adhibes</strong></span> <span class='ocrx_word' id='word_1_57' title='bbox 1020 902 1184 987; x_wconf 69' lang='lat' dir='ltr'><strong>modum·</strong></span> 
     </span>
     <span class='ocr_line' id='line_1_9' title="bbox 190 983 1185 1071; baseline 0.003 -22"><span class='ocrx_word' id='word_1_58' title='bbox 190 990 226 1050; x_wconf 90' lang='lat' dir='ltr'><strong>ut</strong></span> <span class='ocrx_word' id='word_1_59' title='bbox 247 985 302 1068; x_wconf 92' lang='lat' dir='ltr'><strong>qui</strong></span> <span class='ocrx_word' id='word_1_60' title='bbox 325 985 514 1049; x_wconf 86' lang='lat' dir='ltr'><strong>exhaustum</strong></span> <span class='ocrx_word' id='word_1_61' title='bbox 535 1005 602 1048; x_wconf 92' lang='lat' dir='ltr'><strong>non</strong></span> <span class='ocrx_word' id='word_1_62' title='bbox 623 985 667 1047; x_wconf 86' lang='lat' dir='ltr'><strong>sis</strong></span> <span class='ocrx_word' id='word_1_63' title='bbox 688 983 912 1048; x_wconf 87' lang='lat' dir='ltr'><strong>innocentium</strong></span> <span class='ocrx_word' id='word_1_64' title='bbox 938 984 1035 1050; x_wconf 90' lang='lat' dir='ltr'><strong>bonis</strong></span> <span class='ocrx_word' id='word_1_65' title='bbox 1058 990 1158 1071; x_wconf 90' lang='lat' dir='ltr'><strong>reple·</strong></span> <span class='ocrx_word' id='word_1_66' title='bbox 1181 1010 1185 1017; x_wconf 93' lang='lat'><em>·</em></span> 
     </span>
     <span class='ocr_line' id='line_1_10' title="bbox 189 1067 1191 1153; baseline 0.004 -21"><span class='ocrx_word' id='word_1_67' title='bbox 189 1073 291 1133; x_wconf 90' lang='lat' dir='ltr'><strong>turus.</strong></span> <span class='ocrx_word' id='word_1_68' title='bbox 342 1073 429 1134; x_wconf 86' lang='lat' dir='ltr'><strong>stant</strong></span> <span class='ocrx_word' id='word_1_69' title='bbox 455 1069 555 1152; x_wconf 85' lang='lat' dir='ltr'><strong>igitur</strong></span> <span class='ocrx_word' id='word_1_70' title='bbox 588 1067 711 1152; x_wconf 82' lang='lat' dir='ltr'><strong>effigies</strong></span> <span class='ocrx_word' id='word_1_71' title='bbox 743 1071 827 1151; x_wconf 85' lang='lat' dir='ltr'><strong>tuae,</strong></span> <span class='ocrx_word' id='word_1_72' title='bbox 860 1069 970 1153; x_wconf 87' lang='lat' dir='ltr'><strong>quales</strong></span> <span class='ocrx_word' id='word_1_73' title='bbox 1004 1070 1085 1135; x_wconf 93' lang='lat' dir='ltr'><strong>olim</strong></span> <span class='ocrx_word' id='word_1_74' title='bbox 1118 1072 1159 1136; x_wconf 89' lang='lat' dir='ltr'><strong>ob</strong></span> <span class='ocrx_word' id='word_1_75' title='bbox 1189 1115 1191 1118; x_wconf 94' lang='lat'>-</span> 
     </span>
     <span class='ocr_line' id='line_1_11' title="bbox 154 1152 1187 1238; baseline 0.012 -28"><span class='ocrx_word' id='word_1_76' title='bbox 154 1174 179 1212; x_wconf 90' lang='lat'><strong>10</strong></span> <span class='ocrx_word' id='word_1_77' title='bbox 193 1154 323 1238; x_wconf 83' lang='lat' dir='ltr'><strong>egregia</strong></span> <span class='ocrx_word' id='word_1_78' title='bbox 352 1154 387 1216; x_wconf 90' lang='lat' dir='ltr'><strong>in</strong></span> <span class='ocrx_word' id='word_1_79' title='bbox 415 1174 483 1216; x_wconf 91' lang='lat' dir='ltr'><strong>rem</strong></span> <span class='ocrx_word' id='word_1_80' title='bbox 510 1152 672 1236; x_wconf 83' lang='lat' dir='ltr'><strong>publicam</strong></span> <span class='ocrx_word' id='word_1_81' title='bbox 701 1152 815 1216; x_wconf 85' lang='lat' dir='ltr'><strong>merita</strong></span> <span class='ocrx_word' id='word_1_82' title='bbox 844 1153 978 1235; x_wconf 84' lang='lat' dir='ltr'><strong>priuatis</strong></span> <span class='ocrx_word' id='word_1_83' title='bbox 1009 1154 1158 1221; x_wconf 82' lang='lat' dir='ltr'><strong>dicabau·</strong></span> <span class='ocrx_word' id='word_1_84' title='bbox 1177 1174 1187 1229; x_wconf 84' lang='grc'><strong>“-,</strong></span> 
     </span>
     <span class='ocr_line' id='line_1_12' title="bbox 189 1235 1189 1325; baseline 0.004 -24"><span class='ocrx_word' id='word_1_85' title='bbox 189 1242 252 1301; x_wconf 90' lang='lat' dir='ltr'><strong>tur.</strong></span> <span class='ocrx_word' id='word_1_86' title='bbox 283 1238 430 1300; x_wconf 89' lang='lat' dir='ltr'><strong>uisuntur</strong></span> <span class='ocrx_word' id='word_1_87' title='bbox 452 1238 562 1300; x_wconf 83' lang='lat' dir='ltr'><strong>eadem</strong></span> <span class='ocrx_word' id='word_1_88' title='bbox 585 1258 602 1300; x_wconf 89' lang='lat' dir='ltr'><strong>e</strong></span> <span class='ocrx_word' id='word_1_89' title='bbox 624 1237 759 1299; x_wconf 88' lang='lat' dir='ltr'><strong>materia</strong></span> <span class='ocrx_word' id='word_1_90' title='bbox 781 1235 926 1302; x_wconf 78' lang='lat' dir='ltr'><strong>Caesaris</strong></span> <span class='ocrx_word' id='word_1_91' title='bbox 948 1241 1078 1303; x_wconf 75' lang='lat' dir='ltr'><strong>statuae</strong></span> <span class='ocrx_word' id='word_1_92' title='bbox 1099 1260 1158 1325; x_wconf 82' lang='lat' dir='ltr'><strong>qua</strong></span> <span class='ocrx_word' id='word_1_93' title='bbox 1183 1236 1189 1249; x_wconf 71' lang='lat'><strong>⁴</strong></span> 
     </span>
     <span class='ocr_line' id='line_1_13' title="bbox 190 1320 1181 1420; baseline 0.005 -35"><span class='ocrx_word' id='word_1_94' title='bbox 190 1321 374 1401; x_wconf 84' lang='lat' dir='ltr'><strong>Brutorum,</strong></span> <span class='ocrx_word' id='word_1_95' title='bbox 409 1342 472 1403; x_wconf 89' lang='lat' dir='ltr'><strong>qua</strong></span> <span class='ocrx_word' id='word_1_96' title='bbox 506 1320 721 1386; x_wconf 77' lang='lat' dir='ltr'><strong>Camillorum.</strong></span> <span class='ocrx_word' id='word_1_97' title='bbox 769 1342 831 1384; x_wconf 87' lang='lat' dir='ltr'><strong>nec</strong></span> <span class='ocrx_word' id='word_1_98' title='bbox 860 1321 1022 1420; x_wconf 74' lang='lat' dir='ltr'><strong>discrepat</strong></span> <span class='ocrx_word' id='word_1_99' title='bbox 1055 1346 1181 1395; x_wconf 76' lang='lat' dir='ltr'><strong>causa,</strong></span> 
     </span>
     <span class='ocr_line' id='line_1_14' title="bbox 190 1404 1157 1507; baseline 0.006 -40"><span class='ocrx_word' id='word_1_100' title='bbox 190 1404 238 1468; x_wconf 91' lang='lat' dir='ltr'><strong>illi</strong></span> <span class='ocrx_word' id='word_1_101' title='bbox 261 1405 347 1469; x_wconf 90' lang='lat' dir='ltr'><strong>enim</strong></span> <span class='ocrx_word' id='word_1_102' title='bbox 367 1426 458 1489; x_wconf 87' lang='lat' dir='ltr'><strong>reges</strong></span> <span class='ocrx_word' id='word_1_103' title='bbox 481 1404 667 1488; x_wconf 88' lang='lat' dir='ltr'><strong>hostemque</strong></span> <span class='ocrx_word' id='word_1_104' title='bbox 689 1405 843 1468; x_wconf 89' lang='lat' dir='ltr'><strong>uictorem</strong></span> <span class='ocrx_word' id='word_1_105' title='bbox 871 1408 1043 1471; x_wconf 86' lang='lat' dir='ltr'><strong>moembus</strong></span> <span class='ocrx_word' id='word_1_106' title='bbox 1066 1409 1157 1507; x_wconf 92' lang='lat' dir='ltr'><strong>depu-</strong></span> 
     </span>
     <span class='ocr_line' id='line_1_15' title="bbox 191 1489 1191 1575; baseline 0.005 -22"><span class='ocrx_word' id='word_1_107' title='bbox 191 1490 313 1554; x_wconf 88' lang='lat' dir='ltr'><strong>lerunt:</strong></span> <span class='ocrx_word' id='word_1_108' title='bbox 340 1489 394 1553; x_wconf 93' lang='lat' dir='ltr'><strong>hic</strong></span> <span class='ocrx_word' id='word_1_109' title='bbox 421 1511 556 1574; x_wconf 82' lang='lat' dir='ltr'><strong>regnum</strong></span> <span class='ocrx_word' id='word_1_110' title='bbox 584 1490 699 1572; x_wconf 89' lang='lat' dir='ltr'><strong>ipsum,</strong></span> <span class='ocrx_word' id='word_1_111' title='bbox 722 1510 865 1572; x_wconf 87' lang='lat' dir='ltr'><strong>quaeque</strong></span> <span class='ocrx_word' id='word_1_112' title='bbox 894 1490 958 1554; x_wconf 90' lang='lat' dir='ltr'><strong>alia</strong></span> <span class='ocrx_word' id='word_1_113' title='bbox 986 1493 1157 1575; x_wconf 79' lang='lat' dir='ltr'><strong>captiuitac</strong></span> <span class='ocrx_word' id='word_1_114' title='bbox 1187 1494 1191 1535; x_wconf 70' lang='grc' dir='ltr'>ἶ</span> 
     </span>
     <span class='ocr_line' id='line_1_16' title="bbox 154 1573 1159 1660; baseline 0.004 -22"><span class='ocrx_word' id='word_1_115' title='bbox 154 1592 178 1631; x_wconf 84' lang='lat'><strong>1⁵</strong></span> <span class='ocrx_word' id='word_1_116' title='bbox 191 1575 313 1660; x_wconf 83' lang='lat' dir='ltr'><strong>gignit,</strong></span> <span class='ocrx_word' id='word_1_117' title='bbox 340 1578 427 1638; x_wconf 85' lang='lat' dir='ltr'><strong>arcet</strong></span> <span class='ocrx_word' id='word_1_118' title='bbox 448 1596 485 1638; x_wconf 86' lang='lat' dir='ltr'><strong>ac</strong></span> <span class='ocrx_word' id='word_1_119' title='bbox 507 1575 674 1638; x_wconf 88' lang='lat' dir='ltr'><strong>submouet</strong></span> <span class='ocrx_word' id='word_1_120' title='bbox 702 1573 869 1657; x_wconf 90' lang='lat' dir='ltr'><strong>sedemque</strong></span> <span class='ocrx_word' id='word_1_121' title='bbox 895 1574 1022 1640; x_wconf 90' lang='lat' dir='ltr'><strong>obtinet</strong></span> <span class='ocrx_word' id='word_1_122' title='bbox 1042 1576 1159 1660; x_wconf 89' lang='lat' dir='ltr'><strong>princi·</strong></span> 
     </span>
     <span class='ocr_line' id='line_1_17' title="bbox 190 1658 1158 1757; baseline 0.005 -35"><span class='ocrx_word' id='word_1_123' title='bbox 190 1660 241 1742; x_wconf 86' lang='lat' dir='ltr'><strong>pis</strong></span> <span class='ocrx_word' id='word_1_124' title='bbox 263 1681 304 1723; x_wconf 90' lang='lat' dir='ltr'><strong>ne</strong></span> <span class='ocrx_word' id='word_1_125' title='bbox 325 1660 367 1723; x_wconf 87' lang='lat' dir='ltr'><strong>sit</strong></span> <span class='ocrx_word' id='word_1_126' title='bbox 388 1659 516 1723; x_wconf 92' lang='lat' dir='ltr'><strong>domino</strong></span> <span class='ocrx_word' id='word_1_127' title='bbox 532 1659 631 1722; x_wconf 89' lang='lat' dir='ltr'><strong>locus.</strong></span> <span class='ocrx_word' id='word_1_128' title='bbox 659 1679 696 1722; x_wconf 87' lang='lat' dir='ltr'><strong>ac</strong></span> <span class='ocrx_word' id='word_1_129' title='bbox 710 1658 789 1721; x_wconf 91' lang='lat' dir='ltr'><strong>mihi</strong></span> <span class='ocrx_word' id='word_1_130' title='bbox 811 1659 950 1722; x_wconf 85' lang='lat' dir='ltr'><strong>intuenti</strong></span> <span class='ocrx_word' id='word_1_131' title='bbox 965 1660 1158 1757; x_wconf 85' lang='lat' dir='ltr'><strong>sapientiam</strong></span> 
     </span>
     <span class='ocr_line' id='line_1_18' title="bbox 191 1741 1158 1824; baseline 0.004 -17"><span class='ocrx_word' id='word_1_132' title='bbox 191 1747 280 1807; x_wconf 88' lang='lat' dir='ltr'><strong>tuam</strong></span> <span class='ocrx_word' id='word_1_133' title='bbox 302 1744 408 1807; x_wconf 89' lang='lat' dir='ltr'><strong>minus</strong></span> <span class='ocrx_word' id='word_1_134' title='bbox 429 1747 545 1806; x_wconf 92' lang='lat' dir='ltr'><strong>mirum</strong></span> <span class='ocrx_word' id='word_1_135' title='bbox 567 1743 694 1806; x_wconf 89' lang='lat' dir='ltr'><strong>uidetur</strong></span> <span class='ocrx_word' id='word_1_136' title='bbox 716 1741 800 1824; x_wconf 92' lang='lat' dir='ltr'><strong>quod</strong></span> <span class='ocrx_word' id='word_1_137' title='bbox 821 1742 971 1807; x_wconf 87' lang='lat' dir='ltr'><strong>mortales</strong></span> <span class='ocrx_word' id='word_1_138' title='bbox 1000 1747 1084 1810; x_wconf 83' lang='lat' dir='ltr'><strong>istos</strong></span> <span class='ocrx_word' id='word_1_139' title='bbox 1111 1768 1158 1811; x_wconf 85' lang='lat' dir='ltr'><strong>ca·</strong></span> 
     </span>
     <span class='ocr_line' id='line_1_19' title="bbox 192 1826 1157 1911; baseline 0.007 -22"><span class='ocrx_word' id='word_1_140' title='bbox 192 1828 352 1909; x_wconf 90' lang='lat' dir='ltr'><strong>ducosque</strong></span> <span class='ocrx_word' id='word_1_141' title='bbox 379 1827 491 1891; x_wconf 87' lang='lat' dir='ltr'><strong>titulos</strong></span> <span class='ocrx_word' id='word_1_142' title='bbox 526 1830 581 1889; x_wconf 90' lang='lat' dir='ltr'><strong>aut</strong></span> <span class='ocrx_word' id='word_1_143' title='bbox 608 1826 786 1908; x_wconf 82' lang='lat' dir='ltr'><strong>depreceris</strong></span> <span class='ocrx_word' id='word_1_144' title='bbox 816 1830 871 1890; x_wconf 91' lang='lat' dir='ltr'><strong>aut</strong></span> <span class='ocrx_word' id='word_1_145' title='bbox 898 1829 1069 1911; x_wconf 80' lang='lat' dir='ltr'><strong>temperes,</strong></span> <span class='ocrx_word' id='word_1_146' title='bbox 1099 1831 1157 1896; x_wconf 81' lang='lat' dir='ltr'><strong>scis</strong></span> 
     </span>
     <span class='ocr_line' id='line_1_20' title="bbox 193 1910 1158 2000; baseline 0.007 -27"><span class='ocrx_word' id='word_1_147' title='bbox 193 1911 278 1973; x_wconf 92' lang='lat' dir='ltr'><strong>enim</strong></span> <span class='ocrx_word' id='word_1_148' title='bbox 299 1911 355 1973; x_wconf 94' lang='lat' dir='ltr'><strong>ubi</strong></span> <span class='ocrx_word' id='word_1_149' title='bbox 375 1931 453 1972; x_wconf 89' lang='lat' dir='ltr'><strong>uera</strong></span> <span class='ocrx_word' id='word_1_150' title='bbox 474 1910 639 1992; x_wconf 73' lang='lat' dir='ltr'><strong>principia,</strong></span> <span class='ocrx_word' id='word_1_151' title='bbox 668 1910 723 1973; x_wconf 92' lang='lat' dir='ltr'><strong>ubi</strong></span> <span class='ocrx_word' id='word_1_152' title='bbox 752 1911 947 1995; x_wconf 84' lang='lat' dir='ltr'><strong>sempiterna</strong></span> <span class='ocrx_word' id='word_1_153' title='bbox 973 1913 1018 1979; x_wconf 83' lang='lat' dir='ltr'><strong>sit</strong></span> <span class='ocrx_word' id='word_1_154' title='bbox 1044 1915 1158 2000; x_wconf 82' lang='lat' dir='ltr'><strong>gloria.</strong></span> 
     </span>
     <span class='ocr_line' id='line_1_21' title="bbox 154 1992 1159 2080; baseline 0.015 -30"><span class='ocrx_word' id='word_1_155' title='bbox 154 2012 179 2051; x_wconf 83' lang='lat'><strong>20</strong></span> <span class='ocrx_word' id='word_1_156' title='bbox 192 1993 227 2057; x_wconf 91' lang='lat' dir='ltr'><strong>hi</strong></span> <span class='ocrx_word' id='word_1_157' title='bbox 250 1994 365 2057; x_wconf 89' lang='lat' dir='ltr'><strong>sinceri</strong></span> <span class='ocrx_word' id='word_1_158' title='bbox 386 1992 523 2057; x_wconf 90' lang='lat' dir='ltr'><strong>honores</strong></span> <span class='ocrx_word' id='word_1_159' title='bbox 545 1993 580 2057; x_wconf 90' lang='lat' dir='ltr'><strong>in</strong></span> <span class='ocrx_word' id='word_1_160' title='bbox 601 2015 679 2078; x_wconf 94' lang='lat' dir='ltr'><strong>quos</strong></span> <span class='ocrx_word' id='word_1_161' title='bbox 700 1995 782 2059; x_wconf 92' lang='lat' dir='ltr'><strong>nihil</strong></span> <span class='ocrx_word' id='word_1_162' title='bbox 796 1995 941 2080; x_wconf 82' lang='lat' dir='ltr'><strong>flammis,</strong></span> <span class='ocrx_word' id='word_1_163' title='bbox 963 1997 1049 2062; x_wconf 91' lang='lat' dir='ltr'><strong>nihil</strong></span> <span class='ocrx_word' id='word_1_164' title='bbox 1072 2020 1159 2065; x_wconf 87' lang='lat' dir='ltr'><strong>senc·</strong></span> 
     </span>
     <span class='ocr_line' id='line_1_22' title="bbox 193 2077 1157 2167; baseline 0.009 -27"><span class='ocrx_word' id='word_1_165' title='bbox 193 2078 282 2160; x_wconf 86' lang='lat' dir='ltr'><strong>etuti,</strong></span> <span class='ocrx_word' id='word_1_166' title='bbox 299 2077 379 2141; x_wconf 89' lang='lat' dir='ltr'><strong>nihil</strong></span> <span class='ocrx_word' id='word_1_167' title='bbox 394 2077 628 2141; x_wconf 81' lang='lat' dir='ltr'><strong>successoribus</strong></span> <span class='ocrx_word' id='word_1_168' title='bbox 641 2078 746 2142; x_wconf 90' lang='lat' dir='ltr'><strong>liceat.</strong></span> <span class='ocrx_word' id='word_1_169' title='bbox 765 2102 857 2143; x_wconf 88' lang='lat' dir='ltr'><strong>arcus</strong></span> <span class='ocrx_word' id='word_1_170' title='bbox 872 2080 960 2144; x_wconf 88' lang='lat' dir='ltr'><strong>eninr</strong></span> <span class='ocrx_word' id='word_1_171' title='bbox 975 2085 1009 2146; x_wconf 92' lang='lat' dir='ltr'><strong>et</strong></span> <span class='ocrx_word' id='word_1_172' title='bbox 1023 2086 1157 2167; x_wconf 82' lang='lat' dir='ltr'><strong>statuas,</strong></span> 
     </span>
     <span class='ocr_line' id='line_1_23' title="bbox 192 2163 1157 2249; baseline 0.01 -25"><span class='ocrx_word' id='word_1_173' title='bbox 192 2183 263 2226; x_wconf 89' lang='lat' dir='ltr'><strong>aras</strong></span> <span class='ocrx_word' id='word_1_174' title='bbox 287 2163 384 2226; x_wconf 90' lang='lat' dir='ltr'><strong>etiam</strong></span> <span class='ocrx_word' id='word_1_175' title='bbox 404 2163 586 2247; x_wconf 87' lang='lat' dir='ltr'><strong>templaque</strong></span> <span class='ocrx_word' id='word_1_176' title='bbox 608 2163 778 2227; x_wconf 90' lang='lat' dir='ltr'><strong>demolitur</strong></span> <span class='ocrx_word' id='word_1_177' title='bbox 798 2167 830 2227; x_wconf 92' lang='lat' dir='ltr'><strong>et</strong></span> <span class='ocrx_word' id='word_1_178' title='bbox 852 2164 1001 2230; x_wconf 89' lang='lat' dir='ltr'><strong>obscurat</strong></span> <span class='ocrx_word' id='word_1_179' title='bbox 1030 2168 1157 2249; x_wconf 85' lang='lat' dir='ltr'><strong>obliuio,</strong></span> 
     </span>
     <span class='ocr_line' id='line_1_24' title="bbox 191 2247 1158 2344; baseline 0.009 -34"><span class='ocrx_word' id='word_1_180' title='bbox 191 2247 336 2344; x_wconf 80' lang='lat' dir='ltr'><strong>neglegit</strong></span> <span class='ocrx_word' id='word_1_181' title='bbox 351 2247 516 2330; x_wconf 87' lang='lat' dir='ltr'><strong>carpitque</strong></span> <span class='ocrx_word' id='word_1_182' title='bbox 538 2248 724 2330; x_wconf 88' lang='lat' dir='ltr'><strong>posteritas:</strong></span> <span class='ocrx_word' id='word_1_183' title='bbox 749 2251 861 2312; x_wconf 90' lang='lat' dir='ltr'><strong>contra</strong></span> <span class='ocrx_word' id='word_1_184' title='bbox 875 2253 1081 2336; x_wconf 91' lang='lat' dir='ltr'><strong>contemptor</strong></span> <span class='ocrx_word' id='word_1_185' title='bbox 1096 2276 1158 2319; x_wconf 85' lang='lat' dir='ltr'><strong>am·</strong></span> 
     </span>
     <span class='ocr_line' id='line_1_25' title="bbox 192 2331 1160 2415; baseline 0.008 -21"><span class='ocrx_word' id='word_1_186' title='bbox 192 2331 324 2396; x_wconf 88' lang='lat' dir='ltr'><strong>bitronis</strong></span> <span class='ocrx_word' id='word_1_187' title='bbox 354 2334 385 2395; x_wconf 92' lang='lat' dir='ltr'><strong>et</strong></span> <span class='ocrx_word' id='word_1_188' title='bbox 413 2331 558 2395; x_wconf 90' lang='lat' dir='ltr'><strong>infinitae</strong></span> <span class='ocrx_word' id='word_1_189' title='bbox 584 2332 753 2415; x_wconf 89' lang='lat' dir='ltr'><strong>potestatis</strong></span> <span class='ocrx_word' id='word_1_190' title='bbox 781 2333 918 2398; x_wconf 90' lang='lat' dir='ltr'><strong>domitor</strong></span> <span class='ocrx_word' id='word_1_191' title='bbox 946 2355 985 2399; x_wconf 92' lang='lat' dir='ltr'><strong>ac</strong></span> <span class='ocrx_word' id='word_1_192' title='bbox 1016 2337 1160 2402; x_wconf 84' lang='lat' dir='ltr'><strong>frenator</strong></span> 
     </span>
     <span class='ocr_line' id='line_1_26' title="bbox 155 2416 1158 2507; baseline 0.014 -33"><span class='ocrx_word' id='word_1_193' title='bbox 155 2434 179 2474; x_wconf 81' lang='lat'><strong>25</strong></span> <span class='ocrx_word' id='word_1_194' title='bbox 193 2417 317 2481; x_wconf 90' lang='lat' dir='ltr'><strong>animus</strong></span> <span class='ocrx_word' id='word_1_195' title='bbox 344 2417 415 2500; x_wconf 88' lang='lat' dir='ltr'><strong>ipsa</strong></span> <span class='ocrx_word' id='word_1_196' title='bbox 442 2419 603 2481; x_wconf 85' lang='lat' dir='ltr'><strong>uetustate</strong></span> <span class='ocrx_word' id='word_1_197' title='bbox 630 2416 771 2481; x_wconf 83' lang='lat' dir='ltr'><strong>florescit</strong></span> <span class='ocrx_word' id='word_1_198' title='bbox 796 2439 857 2481; x_wconf 89' lang='lat' dir='ltr'><strong>nec</strong></span> <span class='ocrx_word' id='word_1_199' title='bbox 884 2418 925 2481; x_wconf 88' lang='lat' dir='ltr'><strong>ab</strong></span> <span class='ocrx_word' id='word_1_200' title='bbox 952 2419 1028 2485; x_wconf 88' lang='lat' dir='ltr'><strong>ullis</strong></span> <span class='ocrx_word' id='word_1_201' title='bbox 1056 2422 1158 2507; x_wconf 81' lang='lat' dir='ltr'><strong>magis</strong></span> 
     </span>
     <span class='ocr_line' id='line_1_27' title="bbox 191 2500 1158 2592; baseline 0.008 -29"><span class='ocrx_word' id='word_1_202' title='bbox 191 2500 340 2565; x_wconf 89' lang='lat' dir='ltr'><strong>laudatur</strong></span> <span class='ocrx_word' id='word_1_203' title='bbox 355 2523 451 2583; x_wconf 87' lang='lat' dir='ltr'><strong>quam</strong></span> <span class='ocrx_word' id='word_1_204' title='bbox 466 2502 580 2583; x_wconf 88' lang='lat' dir='ltr'><strong>quibus</strong></span> <span class='ocrx_word' id='word_1_205' title='bbox 602 2500 734 2565; x_wconf 89' lang='lat' dir='ltr'><strong>minime</strong></span> <span class='ocrx_word' id='word_1_206' title='bbox 756 2523 885 2566; x_wconf 88' lang='lat' dir='ltr'><strong>necesse</strong></span> <span class='ocrx_word' id='word_1_207' title='bbox 907 2505 966 2568; x_wconf 85' lang='lat' dir='ltr'><strong>est.</strong></span> <span class='ocrx_word' id='word_1_208' title='bbox 998 2526 1070 2569; x_wconf 91' lang='lat' dir='ltr'><strong>non</strong></span> <span class='ocrx_word' id='word_1_209' title='bbox 1084 2526 1158 2592; x_wconf 79' lang='lat' dir='ltr'><strong>ergo</strong></span> 
     </span>
     <span class='ocr_line' id='line_1_28' title="bbox 193 2585 1201 2675; baseline 0.007 -29"><span class='ocrx_word' id='word_1_210' title='bbox 193 2587 345 2666; x_wconf 86' lang='lat' dir='ltr'><strong>perpetua</strong></span> <span class='ocrx_word' id='word_1_211' title='bbox 365 2585 504 2666; x_wconf 87' lang='lat' dir='ltr'><strong>principi</strong></span> <span class='ocrx_word' id='word_1_212' title='bbox 524 2585 611 2647; x_wconf 85' lang='lat' dir='ltr'><strong>fama</strong></span> <span class='ocrx_word' id='word_1_213' title='bbox 633 2607 714 2668; x_wconf 88' lang='lat' dir='ltr'><strong>quac</strong></span> <span class='ocrx_word' id='word_1_214' title='bbox 736 2585 838 2650; x_wconf 91' lang='lat' dir='ltr'><strong>inuita</strong></span> <span class='ocrx_word' id='word_1_215' title='bbox 860 2607 933 2651; x_wconf 91' lang='lat' dir='ltr'><strong>eum</strong></span> <span class='ocrx_word' id='word_1_216' title='bbox 954 2592 1083 2675; x_wconf 85' lang='lat' dir='ltr'><strong>manet,</strong></span> <span class='ocrx_word' id='word_1_217' title='bbox 1106 2588 1158 2655; x_wconf 88' lang='lat' dir='ltr'><strong>scd</strong></span> <span class='ocrx_word' id='word_1_218' title='bbox 1198 2642 1201 2653; x_wconf 89' lang='grc'><strong>.</strong></span> 
     </span>
     <span class='ocr_line' id='line_1_29' title="bbox 192 2667 1201 2758; baseline 0.015 -30"><span class='ocrx_word' id='word_1_219' title='bbox 192 2667 277 2730; x_wconf 90' lang='lat' dir='ltr'><strong>bona</strong></span> <span class='ocrx_word' id='word_1_220' title='bbox 308 2667 562 2750; x_wconf 89' lang='lat' dir='ltr'><strong>concupiscenda</strong></span> <span class='ocrx_word' id='word_1_221' title='bbox 585 2671 648 2731; x_wconf 92' lang='lat' dir='ltr'><strong>est:</strong></span> <span class='ocrx_word' id='word_1_222' title='bbox 681 2690 718 2732; x_wconf 88' lang='lat' dir='ltr'><strong>ea</strong></span> <span class='ocrx_word' id='word_1_223' title='bbox 745 2691 839 2752; x_wconf 91' lang='lat' dir='ltr'><strong>porro</strong></span> <span class='ocrx_word' id='word_1_224' title='bbox 867 2692 933 2735; x_wconf 91' lang='lat' dir='ltr'><strong>non</strong></span> <span class='ocrx_word' id='word_1_225' title='bbox 961 2673 1158 2758; x_wconf 80' lang='lat' dir='ltr'><strong>imaginibus</strong></span> <span class='ocrx_word' id='word_1_226' title='bbox 1197 2732 1201 2745; x_wconf 90' lang='lat'><em>.</em></span> 
     </span>
     <span class='ocr_line' id='line_1_30' title="bbox 102 2750 1159 2843; baseline 0.01 -31"><span class='ocrx_word' id='word_1_227' title='bbox 102 2754 105 2759; x_wconf 82' lang='lat'>&#39;</span> <span class='ocrx_word' id='word_1_228' title='bbox 192 2753 225 2813; x_wconf 86' lang='lat' dir='ltr'><strong>ct</strong></span> <span class='ocrx_word' id='word_1_229' title='bbox 252 2750 376 2828; x_wconf 67' lang='lat' dir='ltr'><strong>statuis</strong></span> <span class='ocrx_word' id='word_1_230' title='bbox 405 2750 460 2814; x_wconf 85' lang='lat' dir='ltr'><strong>sed</strong></span> <span class='ocrx_word' id='word_1_231' title='bbox 488 2750 606 2815; x_wconf 87' lang='lat' dir='ltr'><strong>uirtute</strong></span> <span class='ocrx_word' id='word_1_232' title='bbox 637 2772 674 2815; x_wconf 90' lang='lat' dir='ltr'><strong>ac</strong></span> <span class='ocrx_word' id='word_1_233' title='bbox 695 2755 818 2818; x_wconf 85' lang='lat' dir='ltr'><strong>meritis</strong></span> <span class='ocrx_word' id='word_1_234' title='bbox 840 2759 1043 2840; x_wconf 82' lang='lat' dir='ltr'><strong>prorogatur.</strong></span> <span class='ocrx_word' id='word_1_235' title='bbox 1084 2760 1159 2843; x_wconf 91' lang='lat' dir='ltr'><strong>quin</strong></span> 
     </span>
     <span class='ocr_line' id='line_1_31' title="bbox 154 2833 1159 2928; baseline 0.011 -31"><span class='ocrx_word' id='word_1_236' title='bbox 154 2850 179 2890; x_wconf 75' lang='lat'><strong>³⁰</strong></span> <span class='ocrx_word' id='word_1_237' title='bbox 193 2834 290 2898; x_wconf 88' lang='lat' dir='ltr'><strong>etiam</strong></span> <span class='ocrx_word' id='word_1_238' title='bbox 324 2834 445 2898; x_wconf 90' lang='lat' dir='ltr'><strong>leuiora</strong></span> <span class='ocrx_word' id='word_1_239' title='bbox 478 2833 566 2918; x_wconf 89' lang='lat' dir='ltr'><strong>haec,</strong></span> <span class='ocrx_word' id='word_1_240' title='bbox 598 2836 735 2902; x_wconf 83' lang='lat' dir='ltr'><strong>formam</strong></span> <span class='ocrx_word' id='word_1_241' title='bbox 768 2839 922 2922; x_wconf 90' lang='lat' dir='ltr'><strong>principis</strong></span> <span class='ocrx_word' id='word_1_242' title='bbox 948 2841 1159 2928; x_wconf 83' lang='lat' dir='ltr'><strong>figuramque,</strong></span> 
     </span>
     <span class='ocr_line' id='line_1_32' title="bbox 192 2919 1159 3007; baseline 0.011 -25"><span class='ocrx_word' id='word_1_243' title='bbox 192 2940 258 2982; x_wconf 92' lang='lat' dir='ltr'><strong>non</strong></span> <span class='ocrx_word' id='word_1_244' title='bbox 281 2940 392 2984; x_wconf 87' lang='lat' dir='ltr'><strong>aurum</strong></span> <span class='ocrx_word' id='word_1_245' title='bbox 414 2919 527 2984; x_wconf 88' lang='lat' dir='ltr'><strong>melius</strong></span> <span class='ocrx_word' id='word_1_246' title='bbox 550 2921 601 2984; x_wconf 85' lang='lat' dir='ltr'><strong>uel</strong></span> <span class='ocrx_word' id='word_1_247' title='bbox 624 2926 794 3007; x_wconf 85' lang='lat' dir='ltr'><strong>argentum</strong></span> <span class='ocrx_word' id='word_1_248' title='bbox 816 2945 913 3007; x_wconf 88' lang='lat' dir='ltr'><strong>quum</strong></span> <span class='ocrx_word' id='word_1_249' title='bbox 942 2926 1037 2990; x_wconf 86' lang='lat' dir='ltr'><strong>fauor</strong></span> <span class='ocrx_word' id='word_1_250' title='bbox 1058 2926 1159 2993; x_wconf 91' lang='lat' dir='ltr'><strong>homi·</strong></span> 
     </span>
    </p>
   </div>
   <div class='ocr_carea' id='block_1_3' title="bbox 196 3042 397 3051">
    <p class='ocr_par' dir='ltr' id='par_1_3' title="bbox 196 3042 397 3051">
     <span class='ocr_line' id='line_1_33' title="bbox 196 3042 397 3051; baseline 0.005 -3"><span class='ocrx_word' id='word_1_251' title='bbox 196 3042 219 3047; x_wconf 88' lang='grc'><strong>---</strong></span> <span class='ocrx_word' id='word_1_252' title='bbox 234 3043 397 3051; x_wconf 41' lang='grc' dir='ltr'>...ψ-.-</span> 
     </span>
    </p>
   </div>
   <div class='ocr_carea' id='block_1_4' title="bbox 191 3091 1160 3499">
    <p class='ocr_par' dir='ltr' id='par_1_4' title="bbox 191 3091 1160 3499">
     <span class='ocr_line' id='line_1_34' title="bbox 259 3091 1159 3150; baseline 0.007 -8"><span class='ocrx_word' id='word_1_253' title='bbox 259 3091 490 3143; x_wconf 82' lang='lat' dir='ltr'><strong>4moderationis</strong></span> <span class='ocrx_word' id='word_1_254' title='bbox 509 3097 551 3143; x_wconf 87' lang='lat' dir='ltr'><strong>est</strong></span> <span class='ocrx_word' id='word_1_255' title='bbox 573 3097 608 3143; x_wconf 78' lang='lat' dir='ltr'><strong>V:</strong></span> <span class='ocrx_word' id='word_1_256' title='bbox 638 3095 873 3146; x_wconf 84' lang='lat' dir='ltr'><strong>moderationisB</strong></span> <span class='ocrx_word' id='word_1_257' title='bbox 900 3096 1054 3149; x_wconf 82' lang='lat' dir='ltr'><strong>moderatio</strong></span> <span class='ocrx_word' id='word_1_258' title='bbox 1081 3101 1159 3150; x_wconf 66' lang='lat' dir='ltr'><strong>estc</strong></span> 
     </span>
     <span class='ocr_line' id='line_1_35' title="bbox 191 3157 1160 3231; baseline 0.01 -24"><span class='ocrx_word' id='word_1_259' title='bbox 191 3159 223 3207; x_wconf 85' lang='lat' dir='ltr'>W</span> <span class='ocrx_word' id='word_1_260' title='bbox 252 3157 262 3224; x_wconf 83' lang='grc' dir='ltr'><strong>ΙΙ</strong></span> <span class='ocrx_word' id='word_1_261' title='bbox 292 3161 433 3211; x_wconf 72' lang='lat' dir='ltr'><strong>haerario</strong></span> <span class='ocrx_word' id='word_1_262' title='bbox 452 3162 771 3228; x_wconf 82' lang='lat' dir='ltr'><strong>consulis-suspitione</strong></span> <span class='ocrx_word' id='word_1_263' title='bbox 790 3178 836 3213; x_wconf 89' lang='lat' dir='ltr'><strong>om.</strong></span> <span class='ocrx_word' id='word_1_264' title='bbox 855 3165 890 3225; x_wconf 76' lang='grc' dir='ltr'><strong>Μ,</strong></span> <span class='ocrx_word' id='word_1_265' title='bbox 909 3166 970 3216; x_wconf 79' lang='lat' dir='ltr'><strong>add.</strong></span> <span class='ocrx_word' id='word_1_266' title='bbox 988 3178 1013 3212; x_wconf 86' lang='lat' dir='ltr'><strong>w</strong></span> <span class='ocrx_word' id='word_1_267' title='bbox 1038 3163 1048 3231; x_wconf 67' lang='lat' dir='ltr'>fl</span> <span class='ocrx_word' id='word_1_268' title='bbox 1074 3166 1160 3217; x_wconf 82' lang='lat' dir='ltr'><strong>lodi-</strong></span> 
     </span>
     <span class='ocr_line' id='line_1_36' title="bbox 192 3228 1158 3299; baseline 0.01 -25"><span class='ocrx_word' id='word_1_269' title='bbox 192 3228 325 3278; x_wconf 83' lang='lat' dir='ltr'><strong>cahuntur</strong></span> <span class='ocrx_word' id='word_1_270' title='bbox 344 3243 372 3294; x_wconf 71' lang='lat' dir='ltr'><strong>g:</strong></span> <span class='ocrx_word' id='word_1_271' title='bbox 401 3228 564 3279; x_wconf 84' lang='lat' dir='ltr'><strong>dicebantur</strong></span> <span class='ocrx_word' id='word_1_272' title='bbox 588 3231 615 3279; x_wconf 73' lang='lat' dir='ltr'>H</span> <span class='ocrx_word' id='word_1_273' title='bbox 646 3228 656 3295; x_wconf 69' lang='lat' dir='ltr'><strong>l</strong></span> <span class='ocrx_word' id='word_1_274' title='bbox 687 3232 718 3280; x_wconf 83' lang='lat'><strong>19</strong></span> <span class='ocrx_word' id='word_1_275' title='bbox 736 3230 869 3295; x_wconf 89' lang='lat' dir='ltr'><strong>principis</strong></span> <span class='ocrx_word' id='word_1_276' title='bbox 891 3248 938 3285; x_wconf 86' lang='lat' dir='ltr'><strong>om.</strong></span> <span class='ocrx_word' id='word_1_277' title='bbox 957 3232 990 3280; x_wconf 84' lang='lat' dir='ltr'>W</span> <span class='ocrx_word' id='word_1_278' title='bbox 1019 3230 1029 3297; x_wconf 86' lang='grc' dir='ltr'><strong>ΙΙ</strong></span> <span class='ocrx_word' id='word_1_279' title='bbox 1059 3234 1095 3284; x_wconf 75' lang='lat'><strong>⁴20</strong></span> <span class='ocrx_word' id='word_1_280' title='bbox 1117 3230 1158 3299; x_wconf 93' lang='lat' dir='ltr'><strong>hi]</strong></span> 
     </span>
     <span class='ocr_line' id='line_1_37' title="bbox 192 3294 1160 3367; baseline 0.008 -24"><span class='ocrx_word' id='word_1_281' title='bbox 192 3295 240 3343; x_wconf 88' lang='lat' dir='ltr'><strong>ubi</strong></span> <span class='ocrx_word' id='word_1_282' title='bbox 258 3298 315 3346; x_wconf 78' lang='lat' dir='ltr'><strong>edd.</strong></span> <span class='ocrx_word' id='word_1_283' title='bbox 331 3294 335 3360; x_wconf 82' lang='grc' dir='ltr'>Ι</span> <span class='ocrx_word' id='word_1_284' title='bbox 351 3296 454 3346; x_wconf 87' lang='lat' dir='ltr'><strong>sinceri</strong></span> <span class='ocrx_word' id='word_1_285' title='bbox 471 3312 532 3361; x_wconf 71' lang='lat' dir='ltr'><strong>epo:</strong></span> <span class='ocrx_word' id='word_1_286' title='bbox 551 3298 607 3349; x_wconf 87' lang='lat' dir='ltr'><strong>sint</strong></span> <span class='ocrx_word' id='word_1_287' title='bbox 624 3298 724 3347; x_wconf 83' lang='lat' dir='ltr'><strong>BVW</strong></span> <span class='ocrx_word' id='word_1_288' title='bbox 742 3302 805 3348; x_wconf 85' lang='lat' dir='ltr'><strong>sunt</strong></span> <span class='ocrx_word' id='word_1_289' title='bbox 823 3301 840 3346; x_wconf 82' lang='lat' dir='ltr'><strong>c</strong></span> <span class='ocrx_word' id='word_1_290' title='bbox 858 3296 868 3364; x_wconf 90' lang='grc' dir='ltr'><strong>ΙΙ</strong></span> <span class='ocrx_word' id='word_1_291' title='bbox 885 3300 918 3349; x_wconf 81' lang='lat'><strong>24</strong></span> <span class='ocrx_word' id='word_1_292' title='bbox 937 3296 984 3364; x_wconf 83' lang='lat' dir='ltr'><strong>ac]</strong></span> <span class='ocrx_word' id='word_1_293' title='bbox 1004 3302 1083 3351; x_wconf 83' lang='lat' dir='ltr'><strong>ctW</strong></span> <span class='ocrx_word' id='word_1_294' title='bbox 1100 3299 1111 3367; x_wconf 74' lang='lat' dir='ltr'>fl</span> <span class='ocrx_word' id='word_1_295' title='bbox 1127 3302 1160 3351; x_wconf 71' lang='grc'><strong>26</strong></span> 
     </span>
     <span class='ocr_line' id='line_1_38' title="bbox 191 3364 1160 3432; baseline 0.008 -22"><span class='ocrx_word' id='word_1_296' title='bbox 191 3371 252 3424; x_wconf 78' lang='lat' dir='ltr'><strong>post</strong></span> <span class='ocrx_word' id='word_1_297' title='bbox 269 3378 381 3414; x_wconf 80' lang='lat' dir='ltr'><strong>necesse</strong></span> <span class='ocrx_word' id='word_1_298' title='bbox 402 3367 445 3414; x_wconf 83' lang='lat' dir='ltr'><strong>cst</strong></span> <span class='ocrx_word' id='word_1_299' title='bbox 461 3364 538 3429; x_wconf 81' lang='lat' dir='ltr'><strong>Gucp.</strong></span> <span class='ocrx_word' id='word_1_300' title='bbox 557 3368 631 3417; x_wconf 80' lang='lat' dir='ltr'><strong>addit</strong></span> <span class='ocrx_word' id='word_1_301' title='bbox 648 3370 793 3431; x_wconf 84' lang='lat' dir='ltr'><strong>praetcrea</strong></span> <span class='ocrx_word' id='word_1_302' title='bbox 814 3370 844 3415; x_wconf 90' lang='lat' dir='ltr'><strong>ut</strong></span> <span class='ocrx_word' id='word_1_303' title='bbox 863 3368 977 3432; x_wconf 89' lang='lat' dir='ltr'><strong>quisque</strong></span> <span class='ocrx_word' id='word_1_304' title='bbox 1001 3367 1098 3419; x_wconf 71' lang='lat' dir='ltr'><strong>factus</strong></span> <span class='ocrx_word' id='word_1_305' title='bbox 1117 3372 1160 3420; x_wconf 76' lang='lat' dir='ltr'><strong>eut</strong></span> 
     </span>
     <span class='ocr_line' id='line_1_39' title="bbox 192 3429 1160 3499; baseline 0.011 -23"><span class='ocrx_word' id='word_1_306' title='bbox 192 3429 319 3494; x_wconf 83' lang='lat' dir='ltr'><strong>princeps</strong></span> <span class='ocrx_word' id='word_1_307' title='bbox 333 3432 457 3496; x_wconf 85' lang='lat' dir='ltr'><strong>exemplo</strong></span> <span class='ocrx_word' id='word_1_308' title='bbox 477 3429 621 3499; x_wconf 81' lang='lat' dir='ltr'><strong>(extemplo</strong></span> <span class='ocrx_word' id='word_1_309' title='bbox 639 3431 750 3497; x_wconf 81' lang='lat' dir='ltr'><strong>Keiliuc)</strong></span> <span class='ocrx_word' id='word_1_310' title='bbox 769 3434 844 3483; x_wconf 83' lang='lat' dir='ltr'><strong>fama</strong></span> <span class='ocrx_word' id='word_1_311' title='bbox 862 3434 921 3485; x_wconf 91' lang='lat' dir='ltr'><strong>eius</strong></span> <span class='ocrx_word' id='word_1_312' title='bbox 939 3435 1076 3487; x_wconf 87' lang='lat' dir='ltr'><strong>incertum</strong></span> <span class='ocrx_word' id='word_1_313' title='bbox 1086 3436 1160 3487; x_wconf 72' lang='lat' dir='ltr'><strong>bona</strong></span> 
     </span>
    </p>
   </div>
   <div class='ocr_carea' id='block_1_5' title="bbox 192 3497 1160 3617">
    <p class='ocr_par' dir='ltr' id='par_1_5' title="bbox 192 3497 1160 3617">
     <span class='ocr_line' id='line_1_40' title="bbox 192 3497 1160 3615; baseline 0.009 -71"><span class='ocrx_word' id='word_1_314' title='bbox 192 3497 326 3612; x_wconf 39' lang='lat' dir='ltr'><strong>puppam,</strong></span> <span class='ocrx_word' id='word_1_315' title='bbox 346 3503 468 3615; x_wconf 62' lang='lat' dir='ltr'><strong>ceterurlp</strong></span> <span class='ocrx_word' id='word_1_316' title='bbox 487 3505 601 3552; x_wconf 85' lang='lat' dir='ltr'><strong>aeterna</strong></span> <span class='ocrx_word' id='word_1_317' title='bbox 620 3505 662 3551; x_wconf 85' lang='lat' dir='ltr'><strong>est</strong></span> <span class='ocrx_word' id='word_1_318' title='bbox 685 3497 695 3566; x_wconf 89' lang='grc' dir='ltr'><strong>ΙΙ</strong></span> <span class='ocrx_word' id='word_1_319' title='bbox 719 3503 752 3552; x_wconf 80' lang='grc'><strong>27</strong></span> <span class='ocrx_word' id='word_1_320' title='bbox 771 3501 861 3551; x_wconf 87' lang='lat' dir='ltr'><strong>inuita</strong></span> <span class='ocrx_word' id='word_1_321' title='bbox 880 3517 941 3552; x_wconf 90' lang='lat' dir='ltr'><strong>eum</strong></span> <span class='ocrx_word' id='word_1_322' title='bbox 959 3518 1021 3569; x_wconf 77' lang='lat' dir='ltr'><strong>epo:</strong></span> <span class='ocrx_word' id='word_1_323' title='bbox 1040 3504 1160 3555; x_wconf 85' lang='lat' dir='ltr'><strong>inuitum</strong></span> 
     </span>
     <span class='ocr_line' id='line_1_41' title="bbox 281 3566 500 3617; baseline 0.014 -3"><span class='ocrx_word' id='word_1_324' title='bbox 281 3566 309 3615; x_wconf 87' lang='lat' dir='ltr'><strong>in</strong></span> <span class='ocrx_word' id='word_1_325' title='bbox 328 3567 426 3617; x_wconf 87' lang='lat' dir='ltr'><strong>uitium</strong></span> <span class='ocrx_word' id='word_1_326' title='bbox 482 3570 500 3617; x_wconf 79' lang='lat' dir='ltr'><strong>(t</strong></span> 
     </span>
    </p>
   </div>
   <div class='ocr_carea' id='block_1_6' title="bbox 0 0 1212 4012">
    <p class='ocr_par' dir='ltr' id='par_1_6' title="bbox 0 0 1212 4012">
     <span class='ocr_line' id='line_1_42' title="bbox 0 0 1212 4012; baseline 0 0"><span class='ocrx_word' id='word_1_327' title='bbox 0 0 1212 4012; x_wconf 95' lang='lat' dir='ltr'><strong> </strong></span> 
     </span>
    </p>
   </div>
   <div class='ocr_carea' id='block_1_7' title="bbox 1198 39 1206 2699">
    <p class='ocr_par' dir='ltr' id='par_1_7' title="bbox 1198 39 1206 2699">
     <span class='ocr_line' id='line_1_43' title="bbox 1198 39 1206 2699; baseline 0 0"><span class='ocrx_word' id='word_1_328' title='bbox 1198 39 1206 2699; x_wconf 95' lang='lat' dir='ltr'><strong> </strong></span> 
     </span>
    </p>
   </div>
  </div>
 </body>
</html>
