2406 4012
133 348 226 408 munt
254 345 391 427 animos,
420 343 510 426 operi
535 351 780 426 praeparantur,
808 343 970 407 culturam
997 344 1101 409 melio
1131 354 1138 421 t

133 431 222 493 ribus
245 430 435 493 adnituntur
457 428 616 511 auspiciis,
639 428 786 491 reuisunt
807 427 933 510 domos,
960 429 1100 495 referrmt
1130 430 1138 511 t

134 517 211 578 uota
231 515 369 596 templis.
413 512 602 595 praesertim
630 532 702 576 cum
723 515 761 575 tu
787 512 932 576 omnium
959 516 1099 579 nostrum
1132 518 1138 543 '¹

135 602 342 662 conseruator
369 597 536 661 adueneris
565 600 597 660 et
624 595 678 659 ille
706 597 799 679 quasi
825 597 1004 662 maiestatis
1029 601 1097 665 tuac
1127 628 1138 702 „p

108 698 241 746 ocomes
264 685 296 745 et
318 683 422 746 socius
445 683 537 746 deus:
561 680 713 765 flagrabit
733 683 804 746 tota
825 681 955 763 ciuitas,
980 683 1096 767 gaudiis
1133 720 1138 761 J

133 769 313 849 perstrepet
341 769 387 849 et,
417 787 489 829 cum
515 765 742 849 proficisceris,
775 765 913 830 sortasse
941 767 1095 833 retinebit.
1126 764 1138 863 ,ξ

135 850 224 913 dabis
247 851 333 913 euim
347 851 485 931 ueniam,
509 850 625 913 amoris
639 851 742 913 nostri
759 851 996 915 contumaciam
1008 852 1093 917 feres.
1129 870 1138 921 ³.

134 935 278 998 omnium
293 936 337 999 sis
351 935 428 999 licet
442 935 590 998 dominus
604 934 740 1016 urbium,
763 935 907 999 omnium
925 936 1093 1017 nationum,

135 1040 195 1083 nos
217 1023 325 1084 tamen
350 1021 447 1084 etiam
468 1040 585 1083 nomen
607 1019 787 1100 accepimus
809 1022 918 1084 tuum:
950 1021 1015 1085 iam
1034 1040 1094 1085 non
1126 1026 1138 1095 ὲ

97 1105 305 1202 errantiquum
326 1103 488 1201 Bibracte,
512 1103 598 1200 quod
618 1103 782 1200 hucusque
804 1103 926 1168 dictum
950 1103 1094 1227 estIuliffi
1134 1124 1138 1184 ξ

135 1188 234 1272 Poha,
249 1188 425 1271 Florentra,
438 1187 494 1252 sed
503 1187 619 1251 Flama
630 1191 680 1252 est
692 1190 806 1252 c1urtas
818 1188 1004 1254 Aeduorum
1013 1188 1073 1228 ”¹⁶
1134 1212 1138 1285 ξ

135 194 196 257 192
454 195 506 245 nr.
533 193 684 246 rucnurr
701 194 783 246 ran.

515 1444 718 1453 --.-.-.-.--—

588 1662 651 1737 IX.

431 1780 805 1912 ruounrr

183 1976 493 2043 PANEGYRIOUS
517 1979 827 2046 CONSTANTINO
850 1980 1053 2048 AUGUSTO

96 2124 121 2164 15
502 2118 527 2165 D
546 2118 559 2166 I
579 2118 600 2167 C
619 2119 642 2167 T
659 2119 685 2168 U
704 2119 736 2169 S.

197 2264 223 2328 I.
268 2263 362 2329 Unde
383 2264 463 2328 mihi
485 2268 611 2329 tantum
633 2267 859 2348 confidentiae,
888 2268 1099 2333 sacratissime

134 2350 325 2434 imperator,
353 2355 390 2415 ut
411 2353 486 2433 post
512 2353 561 2414 tot
581 2350 728 2415 homines
754 2352 994 2434 disertissimos,
1023 2374 1099 2438 quos

136 2437 216 2498 etin
230 2437 309 2500 urbe
325 2457 416 2501 secra
431 2434 527 2500 ethic
543 2457 650 2499 rursus
666 2436 794 2519 audisti,
811 2435 915 2500 dicere
930 2436 1098 2503 auderem?

133 2520 199 2582 nisi
220 2520 311 2584 nefas
331 2542 399 2584 csse
415 2520 562 2585 ducerem
584 2523 618 2584 et
639 2520 801 2584 commissi
819 2521 986 2585 cuiusdam
1007 2522 1099 2587 sacri·

95 2603 212 2684 olegii
234 2604 424 2685 religionem
446 2626 581 2688 uererer,
605 2605 632 2668 si
651 2605 689 2687 is,
713 2604 768 2688 qui
790 2625 916 2689 semper
936 2627 990 2670 res
1013 2628 1100 2671 a-nu·

133 2686 221 2746 mine
236 2689 292 2748 tuo
314 2691 423 2780 gestas
438 2689 622 2769 praedicare
644 2689 755 2753 solitus
778 2710 890 2772 essem,
913 2689 997 2756 haec
1014 2696 1101 2757 tanto

133 2766 256 2830 maiora
277 2769 423 2850 prrstinis
451 2770 578 2835 silentio
600 2775 822 2855 praeterirem,
851 2795 910 2857 per
932 2795 1016 2858 quae
1035 2798 1101 2841 non

133 2872 207 2934 pars
231 2850 337 2936 eliqua
358 2856 493 2937 seruata,
517 2855 571 2918 sed
586 2858 735 2922 uniuersa
756 2857 817 2921 sibi
838 2861 887 2922 est
906 2860 1102 2944 respublica

200 3045 216 3092 3
234 3048 357 3094 nostrum
375 3045 422 3093 W:
447 3048 601 3094 nostrorum
618 3048 641 3095 A
658 3048 678 3096 B
696 3048 754 3095 (tv
782 3044 793 3111 ll
821 3049 838 3096 4
859 3045 909 3097 ille
933 3049 1017 3112 quasi
1033 3049 1102 3101 Liui·

133 3112 217 3161 neius:
243 3112 322 3175 quasi
340 3111 388 3161 ille
405 3113 432 3160 Π
449 3112 524 3162 Bere.
549 3115 627 3176 quasi
645 3115 705 3179 ipse
724 3114 933 3179 repercuteretur
961 3114 973 3181 ΙΙ
1004 3116 1102 3169 odeas

133 3194 192 3241 epo:
212 3194 259 3231 om.
278 3180 306 3226 Μ
326 3175 336 3242 ΙΙ
359 3182 373 3228 7
397 3181 484 3230 emori
502 3189 596 3230 nostro
615 3194 640 3228 w
663 3187 667 3245 Ι
693 3185 892 3233 contumaciam
908 3187 1022 3248 scripsi:
1041 3200 1103 3236 con·

133 3246 273 3296 tumeliam
291 3247 318 3293 Π
335 3244 344 3311 ΙΙ
367 3249 399 3298 10
416 3248 549 3298 Bibracte
567 3248 659 3312 Cusp:
677 3248 814 3300 bribrecte
831 3251 854 3298 A
871 3252 889 3298 (t
907 3251 931 3299 V
947 3265 973 3300 vr
991 3252 1102 3303 bribrae

132 3316 160 3361 te
178 3314 198 3362 B
217 3314 345 3365 bribacte
357 3314 390 3361 W
407 3318 466 3364 m.1
487 3313 491 3379 1
512 3316 589 3367 dictu
607 3332 665 3381 epo:
685 3317 758 3367 dicta
775 3319 803 3366 Η
832 3315 842 3383 t
873 3319 903 3367 11
924 3319 1058 3371 eduorum
1074 3324 1103 3371 ct

134 3384 227 3430 cetera
246 3381 444 3446 (compendiose)
463 3384 494 3445 A,
512 3386 579 3434 unde
596 3388 712 3434 lacunam
728 3387 871 3450 sipnificaui
886 3383 897 3451 Ι
914 3387 947 3436 16
965 3402 1024 3439 sac.
1040 3388 1068 3437 Ι
1087 3386 1100 3451 ιΙ

134 3446 165 3494 17
183 3446 254 3498 hom.
273 3450 367 3500 disert.
385 3450 407 3498 A
419 3449 452 3496 W
462 3450 554 3501 Bere:
573 3452 665 3502 disert.
683 3453 753 3503 hom.
773 3453 793 3501 B
805 3455 823 3502 0
835 3453 857 3501 V
869 3451 880 3519 ΙΙ
895 3454 926 3504 18
942 3470 1040 3507 rursus
1056 3456 1102 3507 hic

133 3511 208 3562 Bert.
226 3512 236 3577 ΙΙ
257 3518 289 3564 21
308 3516 467 3581 predicares
485 3520 508 3567 A
524 3516 535 3582 11
551 3521 584 3569 22
602 3521 703 3570 maiora
721 3536 737 3570 a
755 3520 777 3568 A
794 3518 855 3585 1123
873 3521 928 3571 sibi
945 3537 991 3575 res
1009 3526 1053 3575 est
1070 3522 1102 3573 W
