2394 3990
258 199 470 252 THEODOSIO
488 200 661 253 AUGUSTO
679 203 714 253 D.
737 205 844 254 14-16.
969 203 1034 268 285

63 350 193 435 palatiis
216 349 327 433 digua,
351 349 406 413 sed
429 350 571 433 pergulis
594 350 779 416 habebatur.
808 352 883 416 inde
905 352 1032 417 facilius

61 434 227 499 inueneris
242 433 298 517 qui
312 434 481 516 pecuniam
502 455 540 497 ex
556 437 677 500 aerario
692 459 786 519 quam
823 437 854 499 ui
872 458 910 499 ex
926 438 1032 502 animo

63 519 156 583 fidem
178 538 273 602 prom
297 518 383 582 serit.
413 519 550 600 optimos
572 521 624 585 itte
646 527 704 585 out
724 521 778 585 ille
801 458 941 603 ditabat,
965 543 1031 586 non

63 605 159 669 etiam
182 540 354 687 diligebat:
385 602 535 685 prodesse
557 609 706 686 nouerat,
731 627 836 669 amare
858 606 1030 670 nesciebat.

62 692 97 753 tu
117 687 305 765 amicitiam,
326 707 446 750 nomen
463 691 538 751 ante
552 689 724 771 priuatum,
746 711 813 753 non
829 691 930 754 solum
946 691 1058 755 intras

63 774 168 838 aulam
192 772 331 853 necasti,
355 771 411 834 sed
432 771 577 835 indutam
599 795 755 856 purpura,
785 796 861 838 auro
883 776 1031 859 gemmis-

64 878 122 939 que
142 855 329 922 redimitam
352 855 432 919 solio
456 857 605 939 recepisti
628 879 733 940 reque,
757 879 822 921 non
845 859 960 940 uerbis,
984 882 1032 924 as·

9 1004 12 1011 ,
64 941 190 1007 seruisti
212 940 370 1023 principis
390 943 531 1004 mentem
551 944 643 1005 tanto
666 944 701 1004 in
722 962 795 1005 suos
811 943 1032 1026 benigniorem

9 1034 14 1087 t
63 1047 129 1091 esse
145 1024 264 1089 debere
280 1027 401 1108 quanto
425 1025 467 1087 sit
480 1025 613 1089 fortuna
627 1027 853 1109 praestantior,
877 1048 948 1090 cum
970 1028 1031 1090 fide

9 1158 12 1167 .
63 1132 99 1175 aa
118 1109 278 1175 facultate
299 1108 430 1191 paribus
452 1130 530 1193 agas
559 1113 592 1173 et
612 1110 823 1173 familiaribus
846 1111 910 1174 tuis
932 1112 1030 1195 impe·
1046 1132 1070 1169 ιο

10 1186 14 1287 Ι
61 1198 147 1259 rator
160 1193 287 1258 tribuas
308 1193 392 1277 quod
407 1193 552 1276 priuatus
574 1197 711 1277 optaras.
741 1216 934 1279 quamquam
950 1217 1031 1278 quae

10 1304 15 1395 l
62 1281 353 1429 tl'tttttlt
373 1280 1032 1429 Ptlltttqttlllttlttltttt

10 1420 14 1519 Ι
61 1469 141 1596 puos
160 1448 197 1511 in
212 1466 443 1530 quemcumque
466 1448 611 1512 conferre
626 1450 810 1531 imperatori
825 1388 1029 1513 necesseqest.

10 1538 16 1597 l
83 1555 124 1596 ux
154 1531 270 1614 aliquis
303 1530 464 1595 euehitur:
508 1532 610 1614 exigit
638 1533 807 1615 disciplina
842 1536 1028 1596 castrorum.
1045 1552 1069 1589 15

10 1612 19 1693 Ι·
61 1616 245 1700 praefectus
267 1615 442 1679 attollitur:
465 1615 694 1697 imponendum
716 1618 765 1678 est
782 1616 958 1698 prouinciis
981 1636 1031 1695 oa-

10 1714 14 1797 Ι
59 1705 147 1799 μή..
175 1699 286 1764 consul
314 1703 453 1797 creatur:
496 1698 677 1796 habiturus·
692 1702 742 1762 est
770 1720 888 1762 nomen
913 1720 1028 1795 annus.

10 1952 12 1963 ¹
59 1789 173 1969 {itti
202 1783 1031 2017 {tttttlhtlltl“ttlttltsstlptt

10 1970 14 1997 ¹
59 1976 86 2018 rs
115 1952 231 2018 amicis
252 1952 355 2016 honos
378 1952 508 2016 habitus
535 1956 583 2016 est
605 1954 659 2036 qui
681 1956 768 2017 totus
797 1957 912 2018 esset1

10 2050 15 2115 ζ
58 2038 176 2124 quibus
199 2036 416 2121 deferebatur3
439 2037 583 2120 nihilque
606 2059 704 2103 exeo
727 2039 765 2103 ad
786 2043 817 2103 te
839 2039 1031 2103 redundauit

10 2142 13 2147 '
57 2123 124 2189 nisi
146 2121 244 2186 dandi
265 2122 423 2205 uoluptas.
470 2122 520 2186 cui
544 2144 615 2187 cum
638 2127 745 2188 essent
767 2124 852 2187 domi
874 2123 947 2204 filii,
977 2144 1030 2204 ge-

58 2209 167 2273 minae
188 2205 263 2270 illae
285 2228 358 2290 spes
381 2205 528 2290 oculique
550 2207 768 2290 reipublicae,
791 2206 897 2269 dilatis
921 2226 1030 2268 eorum

57 2291 303 2377 magistratibus
325 2291 445 2355 amicos
468 2291 653 2355 consulatus
675 2291 811 2353 ornauit.
856 2290 884 2352 si
906 2288 1028 2351 meher-

58 2378 131 2441 cule
152 2375 204 2440 uir
226 2376 279 2440 ille
302 2375 444 2459 diuidua,
466 2374 631 2438 felicitatis
653 2374 801 2456 publicae
823 2374 948 2450 auctor,
996 2394 1027 2435 a·
1041 2389 1067 2427 ν’»

57 2464 252 2541 renutans,
286 2462 434 2543 uiueret‚·
459 2458 536 2542 quid
569 2457 655 2544 aliud
684 2459 884 2541 expectasset
917 2478 935 2519 a
964 2394 1029 2519 lilio

57 2567 155 2630 quam
184 2548 222 2608 ut
248 2545 419 2628 nepotibus
448 2542 683 2608 anteferretur?
727 2541 902 2624 praebuisti
930 2540 1030 2624 igitur

56 2634 94 2694 tu
126 2629 237 2694 amicis
271 2650 333 2713 quo
362 2629 435 2711 plus
468 2650 528 2692 nec
556 2629 640 2711 patri
667 2630 831 2709 praestare
861 2627 1029 2710 potuisses

56 2736 78 2777 o
92 2713 331 2777 beniuolentiae
345 2716 421 2776 tuae
443 2712 606 2799 singulare
628 2712 809 2777 consilium!
833 2733 931 2795 auges
950 2716 1025 2777 tem·

57 2819 138 2881 pore
159 2798 351 2882 dignitatem
381 2818 462 2880 quae
483 2798 718 2863 incrementum
748 2820 786 2861 ex
808 2798 1067 2881 magnitudines

940 1975 1029 2018 Orllm
1043 1973 1068 2011 ‘2⁰

129 3054 286 3119 lpergulis
306 3054 447 3104 Gronovius
464 3054 517 3104 obs.
536 3051 570 3099 II
589 3053 637 3099 22:
664 3048 793 3112 periculis
811 3050 838 3095 Π
867 3045 877 3112 ΙΙ
907 3053 1029 3113 3pr0m-

55 3120 146 3185 poerit
164 3120 255 3171 Bora:
275 3124 460 3186 prompserint
477 3124 505 3169 H
530 3117 534 3181 Ι
561 3134 576 3167 o
597 3118 679 3166 timos
697 3130 734 3164 w:
758 3117 877 3180 optimus
896 3117 923 3162 Π
949 3114 953 3179 Ι
981 3115 1029 3165 ille

58 3192 109 3237 aut
126 3188 176 3238 ille
194 3204 256 3253 epo:
273 3189 321 3240 ille
340 3187 386 3253 H}
403 3189 513 3239 dicabat
530 3188 552 3235 Δ
574 3135 620 3249 ΙΙΙ
638 3181 735 3250 reque]
755 3186 847 3249 ireque
865 3185 888 3232 Δ
906 3184 986 3233 rebus
1005 3197 1030 3231 w

59 3254 211 3319 luerboll
241 3254 251 3321 ΙΙ
280 3258 413 3307 8snisA
443 3255 452 3321 ΙΙ
484 3258 514 3305 12
533 3267 633 3317 cupere
651 3255 759 3317 scripsi:
779 3267 878 3316 capere
896 3254 924 3299 H
951 3248 955 3316 Ι
983 3264 1029 3313 per

56 3324 165 3374 addidi:
192 3339 239 3375 om.
257 3324 284 3370 Μ
312 3321 324 3389 ΙΙ
353 3328 385 3375 16
405 3323 519 3373 atoll.A
551 3321 555 3384 Ι
589 3320 744 3384 prouinciae
762 3322 821 3370 edd.
852 3317 862 3383 ΙΙ
891 3321 924 3368 21
947 3318 981 3366 ad
1001 3321 1028 3368 te

56 3406 105 3443 orn.
124 3392 147 3439 Δ
174 3388 178 3453 Ι
210 3391 375 3441 redundauit
397 3391 581 3454 Wopkensius:
605 3386 772 3438 redundaret
789 3390 816 3435 Π
846 3385 855 3451 ΙΙ
886 3389 918 3436 22
937 3391 1029 3435 essent

57 3460 152 3509 eumd
168 3456 179 3523 Ι
195 3460 229 3508 24
248 3459 395 3511 consulatu
413 3460 470 3509 edd.
488 3456 498 3522 Ι
515 3462 547 3509 27
567 3455 700 3522 prebuisti
712 3458 758 3504 W:
777 3455 907 3521 prefuisti
918 3453 1029 3503 ΔΒΗ

55 3526 226 3591 praestitisti
244 3527 302 3578 edd.
