2406 4012
138 221 201 285 276
461 223 522 272 xri.
553 219 685 271 eloam
702 220 784 272 Pru.

1146 318 1150 363 l

138 373 329 455 imperatore
356 370 506 434 nobilitas
535 370 602 433 eius
631 389 700 433 esse
721 368 824 432 filium
846 369 1027 452 principem
1052 369 1101 469 qui
1145 384 1150 399 “

138 457 288 540 princeps
321 477 388 519 esse
422 454 582 535 debuerit,
620 454 674 536 qui
702 453 788 517 huno
821 453 957 517 humani
984 453 1103 538 fastigii

138 541 261 689 titt?
274 537 1103 706 tititti?tllllldltttttttctt

112 708 227 773 suelut
240 712 296 772 tua
315 707 395 770 haee
409 707 514 770 forma
535 707 726 770 uenerabilis
749 728 846 790 quam
859 706 1012 770 fortunae
1034 728 1105 770 suae

136 815 197 890 par
219 794 283 856 est!
323 812 419 874 quam
441 791 538 938 lonpe
560 791 685 875 lateque
709 791 881 874 conspicua
904 790 1107 855 commendat

137 878 379 960 imperatorem!
423 878 460 939 ut
481 898 576 959 pane
603 876 639 939 in
661 876 811 960 ambiguo
834 875 877 938 sit
902 877 1054 939 utrumne
1073 878 1106 939 te

136 962 241 1046 magis
256 961 376 1026 nostris
396 961 556 1024 mentibus
571 960 673 1024 uirtus
694 982 737 1023 an
751 958 917 1042 optutibus
931 959 1042 1023 uultus
1060 960 1107 1023 in·

137 1046 252 1110 sinuet.
276 1068 342 1109 non
354 1045 474 1108 frustra
484 1045 580 1128 plane
595 1044 744 1127 opinione
759 1043 969 1126 sapientium,
987 1045 1042 1127 qui
1051 1065 1106 1107 na-

99 1149 124 1188 1o
136 1131 288 1194 toralium
309 1133 471 1193 momenta
492 1150 655 1193 causarum
674 1128 821 1192 subtilius
843 1128 1002 1192 sciscitati
1022 1148 1108 1192 arca·

136 1214 187 1277 nis
208 1214 397 1278 caelestibus
412 1213 537 1277 nobiles
558 1234 650 1277 curas
665 1213 854 1292 intulerunt,
879 1213 1110 1296 augustissima

136 1318 279 1380 quaeque
303 1298 423 1380 species
446 1297 619 1379 plurimum
642 1297 780 1361 creditur
794 1296 922 1360 trahere
945 1297 987 1361 de
1009 1297 1109 1361 caelo.

136 1382 203 1444 siue
232 1381 318 1444 enim
346 1381 473 1445 diuinus
501 1381 556 1445 ille
589 1382 714 1445 animus
742 1383 897 1444 uenturus
925 1381 963 1444 in
991 1403 1108 1465 corpus

137 1466 270 1549 dignum
292 1466 380 1548 prius
403 1468 543 1528 metatur
563 1466 739 1549 hospitium
762 1465 846 1547 siue,
870 1486 944 1529 oum
967 1467 1107 1549 uenerit,

98 1570 122 1608 15
136 1571 195 1633 pro
217 1549 329 1614 habitu
351 1571 408 1615 suo
430 1549 526 1634 fingit
549 1549 767 1614 habitaculum
795 1549 862 1613 siue
885 1549 975 1614 aliud
1001 1572 1041 1615 ex
1063 1551 1108 1614 el-

136 1642 205 1699 tero
227 1636 342 1700 crescit
363 1639 410 1716 et,
435 1657 507 1699 eum
529 1656 563 1698 se
584 1635 673 1718 paria
696 1635 948 1716 coniunxerunt,
972 1637 1109 1719 utraque

136 1719 268 1784 meliora
289 1722 382 1783 sunt:
405 1740 535 1802 peream
558 1740 710 1783 arcanum
732 1718 869 1782 caeleste
891 1719 1012 1783 rimari.
1047 1720 1109 1784 tibi

135 1803 221 1867 istud
249 1804 307 1868 soli
353 1807 456 1885 ateat,
486 1805 673 1887 imperator,
705 1824 777 1867 cum
799 1802 857 1866 deo
886 1807 1040 1868 consorte
1061 1820 1109 1868 se-

137 1891 266 1951 cretum.
309 1827 389 1951 illud
416 1889 520 1952 dicam
547 1888 632 1972 quod
660 1887 854 1951 intellexisse
879 1886 1050 1952 hominem
1077 1892 1109 1952 et

97 1989 121 2027 20
136 1968 253 2033 dixisse
275 1971 325 2034 sas
347 1974 411 2035 est:
434 1973 533 2034 talem
556 1991 624 2036 esse
644 1971 757 2036 debere
779 1971 834 2055 qui
856 1971 1009 2055 gentibus
1034 1972 1107 2037 ado-

134 2057 238 2134 ratur,
273 2055 324 2118 oui
352 2059 421 2118 toto
450 2054 526 2119 orbe
553 2060 709 2120 terrarum
737 2056 865 2139 priuata
894 2056 946 2119 uel
975 2057 1109 2139 publica

134 2143 210 2202 uota
236 2139 427 2221 redduntur,
457 2161 476 2203 a
503 2161 565 2223 quo
593 2141 675 2224 petit
701 2141 913 2225 nauigaturus
941 2162 1105 2225 serenum,

133 2224 396 2306 peregrinaturus
417 2224 570 2304 reditum,
593 2227 793 2309 pugnaturus
816 2224 1004 2307 auspicium.

198 2307 272 2372 VII.
324 2307 470 2392 Dudum,
504 2313 541 2372 ut
567 2309 676 2390 uideo,
711 2308 893 2393 dedignaris
922 2307 1006 2373 hanc
1037 2309 1107 2393 glo-

95 2409 120 2449 25
133 2391 229 2474 riam,
261 2393 317 2456 sed
338 2397 449 2476 patere
478 2415 515 2458 ea
542 2395 576 2457 in
602 2394 731 2457 laudum
753 2397 882 2457 tuarum
908 2397 1002 2476 parte
1033 2415 1106 2458 con·

135 2477 223 2540 stitui
245 2499 325 2561 quae
348 2476 474 2542 soleant
497 2480 532 2541 in
555 2478 626 2542 aliis
654 2478 721 2541 sola
742 2478 874 2541 laudari.
918 2477 1024 2541 uirtus
1048 2481 1106 2542 tua

133 2561 250 2624 meruit
276 2563 460 2646 imperium,
490 2563 546 2627 sed
575 2563 687 2626 uirtuti
715 2562 837 2626 addidit
857 2562 964 2626 forma
992 2562 1105 2626 suffra-

133 2644 231 2726 gium
264 2645 320 2708 illa
342 2647 504 2727 praestitit
525 2650 562 2710 ut
584 2649 744 2730 oporteret
765 2648 797 2711 te
819 2646 1000 2730 principem
1023 2648 1104 2730 fieri,

202 2866 216 2912 1
235 2864 401 2928 imperatore
417 2866 462 2914 W:
481 2867 545 2933 imp.
558 2868 581 2915 A
598 2868 654 2933 imp
671 2871 693 2917 V
711 2870 835 2932 imparB
855 2882 942 2932 nuper
959 2870 978 2916 G
994 2866 1004 2933 ΙΙ
1022 2872 1039 2917 2
1057 2868 1104 2918 hn-

132 2932 207 2982 mani
226 2945 256 2997 ςτ
279 2932 396 2982 Romani
413 2935 440 2982 11
463 2932 473 2999 ΙΙ
497 2937 513 2984 4
533 2935 616 2985 etiarn
635 2939 684 2986 del.
704 2950 729 2985 w
752 2934 762 3001 ΙΙ
787 2937 802 2985 5
821 2950 901 3000 quam
918 2961 951 2970 -
970 2937 985 2984 6
1005 2932 1102 3002 quam]

132 3001 242 3065 quia-
256 3003 319 3065 quia
337 3014 362 3049 w
377 3002 382 3063 Ι
397 3000 537 3069 fortunae]
557 3003 661 3053 formae
679 3017 703 3051 w
720 3002 730 3068 ΙΙ
747 3006 761 3054 7
781 3004 974 3068 imperatorem
992 3006 1104 3067 scripsi:

130 3068 321 3187 illitis*
335 3067 493 3188 'didi
501 3072 539 3187 11
549 3069 924 3202 ll‘tttlrfllffittttl
940 3067 1103 3189 titt·

131 3204 206 3254 tibus
218 3206 241 3252 V
259 3206 417 3269 optantibus
430 3206 449 3253 B
467 3203 477 3269 ΙΙ
495 3208 511 3255 9
530 3155 711 3271 sapiintumB
725 3207 742 3252 0
755 3207 777 3253 V
788 3206 821 3254 W
837 3204 847 3271 ΙΙ
865 3208 898 3256 10
917 3154 1104 3256 subtilibrisA

130 3267 139 3333 ll
158 3272 190 3321 14
208 3272 319 3335 dignum
337 3274 415 3322 iterat
430 3273 453 3320 A
465 3271 475 3337 ΙΙ
490 3274 520 3322 15
539 3273 602 3338 fing.
620 3273 707 3322 habit.
726 3289 775 3338 pro
793 3272 889 3323 habitu
908 3289 957 3323 suo
970 3274 1102 3330 BGVW.

130 3345 200 3387 recte
218 3342 304 3389 collos.
317 3340 338 3387 A
351 3339 425 3389 Bert.
443 3337 447 3403 Ι
463 3339 547 3405 aliud]
571 3340 685 3390 alterum
697 3341 830 3391 Liuineius
846 3339 856 3405 ΙΙ
874 3342 905 3390 16
924 3342 1053 3391 coniunx⁴
1067 3342 1102 3389 A:

130 3403 205 3455 iunx.
223 3407 243 3454 B
256 3408 273 3454 0
286 3407 308 3453 V
320 3407 352 3454 W
371 3406 382 3471 ΙΙ
407 3409 437 3456 17
457 3405 572 3457 meliora
589 3409 626 3456 A:
645 3409 749 3458 maiora
765 3409 786 3456 B
799 3411 816 3457 c
828 3410 851 3456 V
863 3409 896 3457 W
916 3406 926 3473 ll
947 3410 981 3459 20
999 3426 1015 3458 a
1035 3423 1103 3473 gen·

130 3469 205 3520 tibus
224 3475 283 3521 edd.
308 3471 318 3536 ΙΙ
341 3476 374 3523 25
393 3488 427 3522 ea
445 3472 478 3520 A:
499 3488 558 3522 eam
577 3475 707 3523 BcVW
726 3491 759 3525 ea
779 3491 795 3525 a
813 3491 854 3526 me
873 3476 1027 3543 Liuineius}
1044 3475 1104 3526 lau·

130 3534 203 3585 dium
221 3538 244 3585 A
266 3536 276 3602 Η
300 3541 333 3589 26
350 3540 460 3589 soleant
477 3542 586 3604 scripsi:
608 3542 737 3593 solebant
754 3545 782 3591 11
