2406 4012
139 197 181 261 22
459 199 481 251 1.
517 199 548 249 O.
567 200 683 252 PLINll
701 200 782 252 PAN.

139 348 275 432 uehunt3
312 351 344 413 te
373 349 413 412 ad
442 348 545 412 sidera
572 347 660 412 tollit
686 350 802 414 humus
832 351 895 413 ista
928 342 1139 417 communis¹

139 436 172 497 et
194 433 326 497 confusa
348 433 502 517 principia
524 432 670 516 uestigia.
1138 422 1145 491 t

201 517 305 582 XXV.
343 516 412 582 Neo
435 538 555 597 uereor,
577 520 685 600 patres
708 518 891 602 conscripti,
915 540 957 582 ne
982 520 1111 617 longior

137 602 257 684 uidear,
281 624 353 665 cum
375 602 417 666 sit
438 601 577 664 maxime
600 603 776 684 optandum
798 607 835 667 ut
855 625 893 666 ea
913 624 973 686 pro
994 605 1109 687 quibus
1143 678 1145 685 ¹

112 706 126 745 a
139 689 280 770 aguntur
289 686 427 769 principi
440 687 564 769 gratiae
575 687 676 750 multa
689 687 769 751 sint:
785 709 866 771 quae
878 688 1009 771 quidem
1020 709 1108 753 reue·
1139 688 1145 785 t

137 771 259 834 rentius
270 771 368 834 fuerit
377 770 506 854 integra
517 769 716 854 inlibataque
729 771 979 856 cogitationibus
992 776 1108 838 uestris
1139 788 1145 859 t

137 855 294 918 reseruari
314 877 410 938 quam
433 855 568 938 carptim
591 855 791 940 breuiterque
813 857 1009 941 perstringi,
1033 859 1108 941 quia
1139 860 1145 881 ⁴

137 940 203 1004 fere
230 942 372 1024 sequitur
400 943 437 1004 ut
457 939 514 1003 illa
535 939 662 1022 quidem
691 940 729 1004 de
752 941 866 1024 quibus
888 944 1000 1006 taceas
1029 943 1109 1007 boot
1137 966 1141 971 ·

136 1027 230 1088 tanta
252 1029 373 1109 quanta
395 1028 471 1089 sunt
494 1045 562 1088 esse
584 1024 769 1089 uideantur:
807 1025 871 1088 nisi
892 1047 969 1090 uero
993 1027 1108 1092 leuiter
1140 1046 1145 1079 r

99 1129 124 1168 ιο
137 1109 256 1193 attingi
283 1109 390 1192 placet
412 1109 621 1192 locupletatas
649 1109 751 1173 tribus
775 1109 945 1194 datumque
976 1112 1107 1196 congia-

136 1193 221 1256 rium
242 1193 361 1276 populo
385 1196 417 1257 et
439 1192 550 1257 datum
571 1195 689 1277 totum,
723 1215 794 1258 eum
816 1193 959 1258 donatiui
982 1198 1108 1279 partem

136 1277 254 1341 milites
273 1278 481 1361 accepissent.
511 1299 552 1341 an
566 1274 735 1342 mediocris
751 1278 852 1342 animi
868 1282 916 1343 est
931 1279 983 1343 his
998 1281 1106 1363 potius

137 1365 377 1445 repraesentare
405 1362 519 1446 quibus
547 1363 650 1447 magis
679 1364 792 1446 negari
821 1363 955 1447 potest?
1000 1385 1107 1446 quam·

137 1468 234 1529 quarn
266 1447 300 1510 in
331 1446 392 1510 hae
420 1468 543 1530 quoque
572 1446 758 1511 diuersitate
792 1448 995 1531 aequalitatis
1023 1450 1107 1513 ratio

99 1533 264 1595 reseruata
293 1535 352 1595 est.
397 1532 525 1615 aequati
552 1534 628 1595 sunt
661 1532 747 1595 enim
773 1533 890 1616 populo
919 1531 1043 1598 milites
1072 1555 1109 1598 eo

136 1616 220 1699 quod
248 1618 389 1700 partem,
420 1617 477 1680 sed
502 1616 642 1699 priores,
672 1617 807 1700 populus
836 1617 993 1681 militibus
1023 1618 1109 1701 quod

136 1704 302 1784 posterior,
325 1702 380 1766 sed
395 1704 499 1765 totum
516 1701 625 1764 statim
641 1702 775 1785 accepit.
805 1702 968 1765 enimuero
984 1705 1109 1786 quanta

135 1786 337 1870 benignitate
360 1786 498 1849 diuisum
522 1788 585 1849 esti
620 1789 821 1870 quantaeque
845 1807 938 1850 curae
960 1786 1022 1849 tibi
1043 1787 1108 1852 fuit

136 1889 177 1934 ne
205 1870 274 1951 quis
303 1891 415 1952 expers
444 1869 645 1933 liberalitatis
672 1873 746 1934 tuae
773 1871 878 1935 fieret!
917 1869 1031 1935 datum
1058 1874 1108 1936 est

98 1951 187 2016 achis
210 1955 263 2035 qui
285 1957 360 2036 post
382 1953 520 2017 edictum
541 1956 632 2018 tuum
654 1954 690 2018 in
712 1955 819 2019 locum
846 1976 1011 2019 erasorum
1034 1957 1108 2020 sub

136 2037 196 2101 diti
217 2038 359 2120 fuerant,
390 2038 578 2122 aequatique
605 2043 682 2103 sunt
710 2040 823 2103 ceteris
845 2039 893 2103 illi
916 2039 1015 2103 etiam
1038 2043 1108 2124 qui-

135 2121 195 2184 bus
216 2143 282 2185 non
305 2125 372 2186 erat
385 2122 586 2205 promissum.
608 2123 750 2208 negotiis
770 2123 896 2207 aliquis,
919 2124 1109 2195 ualetudine,

136 2206 233 2290 alius,
266 2206 319 2271 hic
351 2208 449 2291 mari,
481 2207 536 2272 ille
565 2209 750 2272 fluminibus
779 2208 1010 2273 distinebaturz
1053 2231 1107 2274 ex·

134 2295 283 2374 pactatus
311 2295 374 2370 est,
402 2293 628 2376 prouisumque
655 2315 696 2356 ne
725 2293 795 2376 quis
824 2314 936 2376 aeger,
965 2314 1007 2357 ne
1034 2294 1106 2377 quis

98 2381 323 2461 reoccupatus,
354 2399 396 2441 ne
422 2378 492 2461 quis
522 2377 658 2462 denique
685 2377 781 2461 longe
809 2376 937 2441 fuisset:
977 2380 1107 2443 ueniret

137 2462 283 2560 quisque,
315 2485 387 2527 cum
415 2463 528 2544 uellet,
555 2463 682 2526 ueniret
707 2464 861 2558 quisque,
888 2482 960 2558 oum
981 2466 1104 2545 posset.

136 2546 1105 2716 uselessaastrististristis

136 2713 240 2794 spatia
272 2713 463 2777 liberalitate
495 2713 696 2798 contrahere,
733 2714 930 2779 intercedere
965 2714 1106 2800 casibus,

95 2815 123 2856 ao
136 2818 303 2861 occursare
330 2797 478 2861 fortunae
507 2800 602 2882 atque
631 2800 718 2863 omni
747 2821 808 2883 ope
836 2798 939 2863 adniti
966 2801 1105 2884 nequis

135 2902 153 2946 e
177 2881 270 2964 plebe
292 2881 441 2946 Romana
469 2882 564 2947 dante
591 2884 789 2968 congiarium
815 2887 848 2948 te
875 2883 1041 2948 hominem
1070 2906 1106 2950 se

134 2967 238 3050 magis
261 2966 395 3031 sentiret
416 2967 515 3031 fuisse
538 2989 633 3051 quam
657 2969 770 3032 ciuem.

203 3192 216 3239 1
235 3190 291 3240 iste
309 3202 337 3253 ςτ
355 3189 396 3238 lta
408 3192 435 3237 Μ
452 3187 493 3254 112
513 3191 585 3240 conl.
604 3192 721 3255 priuatis
740 3194 810 3243 uest.
823 3190 1010 3241 Freinshemius
1030 3192 1106 3247 conf.

133 3257 223 3321 plebis
236 3272 269 3306 ao
279 3255 412 3322 principis
424 3262 494 3308 uest.
504 3257 664 3309 Schworzius
677 3259 750 3308 conf.
759 3259 877 3324 priuatis
886 3258 1024 3322 principis
1032 3265 1105 3314 uest.

134 3324 304 3375 Mommsenus
317 3324 390 3378 conl.
403 3326 458 3375 ista
471 3327 572 3376 ciuium
587 3331 615 3376 et
627 3326 760 3390 principis
773 3330 843 3376 uest.
855 3326 957 3376 Kellios
974 3323 984 3390 ΙΙ
1002 3328 1019 3375 5
1032 3341 1107 3390 quae

153 3391 327 3454 uodquaVW
338 3388 348 3456 ss
361 3390 427 3459 auc]
441 3394 526 3443 etBV
540 3395 546 3453 Ι
560 3394 629 3443 haut
642 3395 746 3444 addidi:
758 3409 804 3443 om.
814 3394 841 3441 Η
854 3391 863 3459 ΙΙ
878 3396 910 3442 10
918 3392 1106 3458 locupletent}

134 3407 193 3524 lllss
211 3461 316 3523 priores
329 3475 358 3526 ςτ
378 3461 452 3525 prior
470 3466 512 3512 est
523 3461 550 3508 Ι
562 3458 573 3526 ΙΙ
587 3463 618 3511 17
637 3465 740 3525 quanta
756 3462 791 3510 B:
811 3476 921 3525 quaqua
935 3461 985 3508 GV
1003 3468 1033 3526 q·
1045 3463 1079 3511 W
1096 3460 1107 3527 ΙΙ

133 3529 166 3576 23
177 3531 375 3592 expectatumc
388 3525 398 3593 ΙΙ
410 3530 442 3579 27
452 3524 541 3594 tuum]
549 3528 618 3578 illud
627 3542 651 3576 w
663 3526 673 3593 ΙΙ
686 3530 718 3579 28
728 3525 928 3592 admonerewn
942 3530 1010 3589 Slse
1021 3530 1106 3581 orac.
