2406 4012
475 160 696 213 PRAEFATIO.
1029 161 1069 210 lx

98 318 253 400 ruptionis
272 336 372 396 genus
392 317 427 375 in
441 316 489 375 his
510 316 679 376 inuenitur.
706 315 811 393 itaque
831 312 909 373 nihil
927 322 1070 375 curantes

98 403 294 483 singulorum
315 402 484 479 scripturas
507 401 692 478 deprauatas
714 399 944 458 consentientes
965 417 1071 459 eornm

98 490 253 549 lectiones
280 486 359 564 siglo
386 484 408 546 6
434 485 485 544 usi
513 483 719 557 exhibuimus,
753 484 815 543 nisi
841 483 967 562 quando
993 484 1070 543 locis

99 573 240 652 grauiter
266 570 416 649 corruptis
445 569 485 628 de
505 569 636 646 singuiis
658 569 767 628 testari
792 586 865 628 111
890 569 992 627 uisum
1014 576 1069 627 est.

99 657 142 716 ad
164 656 314 716 familiam
335 653 356 715 (i
377 655 538 733 pertinent
560 652 658 712 codex
677 652 813 725 Liuinei,
836 671 927 730 quem
945 652 976 713 V
994 659 1070 710 nota

99 741 265 820 insigniuit
285 739 355 811 1111,
381 737 573 798 Heinsianus
595 756 615 793 a
636 736 792 796 Scheffero
815 736 971 796 adhibitus
995 735 1070 813 (nisi

99 826 182 885 forte
198 825 250 882 hic
270 824 355 883 idern
375 831 422 882 est
444 830 536 900 atque
552 821 762 900 Regincnsis),
784 820 980 880 Monacensis
997 821 1069 880 756.

166 908 344 969 Communis
371 906 479 966 itidem
506 905 634 981 originis
661 916 734 964 sunt
759 905 832 964 libri
852 905 993 966 Venetus
1017 902 1070 985 (B)

100 1002 133 1053 ct
147 992 319 1054 Vaticanus
337 993 418 1050 1776
442 985 507 1069 (V),
531 990 648 1068 quippe
670 991 777 1067 quiin
799 987 984 1049 lectionibus
1006 991 1070 1068 ple·

98 1096 231 1156 rumque
253 1084 435 1154 congruant.
469 1073 607 1132 cumbis
628 1092 719 1152 porro
742 1073 861 1133 faciunt
881 1072 953 1132 libri
974 1074 1070 1134 Mala-

99 1163 255 1220 testianus
278 1168 310 1220 et
331 1158 528 1219 Colbertinus
549 1158 682 1217 Pitheci.

165 1245 255 1305 Licet
281 1253 384 1304 antem
410 1242 433 1302 0
461 1244 538 1301 satis
568 1242 708 1302 diuersus
736 1244 777 1301 sit
804 1263 823 1301 a
848 1242 874 1301 B
895 1242 932 1317 V,
966 1252 1069 1304 tamen

99 1328 214 1390 eodem
234 1348 303 1388 curn
321 1329 371 1388 his
392 1328 488 1387 utitur
509 1335 648 1406 parente.
692 1326 775 1406 quod
796 1335 831 1385 ut
853 1327 1068 1402 demonstrem,

99 1413 274 1474 adscribam
301 1431 350 1472 ex.
373 1433 419 1491 gr.
443 1431 482 1471 ex
503 1430 576 1489 pan.
591 1411 656 1470 VII
684 1431 736 1470 eos
759 1413 844 1471 locos
872 1412 984 1491 quibus
1005 1422 1069 1473 tres

97 1498 149 1557 illi
167 1497 239 1557 libri
261 1507 369 1557 contra
381 1495 421 1557 W
442 1495 510 1555 sine
531 1498 565 1555 in
579 1496 745 1556 uerborum
766 1496 980 1556 omissionibus
1002 1500 1070 1558 siue

99 1583 134 1640 in
157 1582 316 1661 scripturis
338 1580 517 1660 deprauatis
539 1582 752 1640 consentiant:
789 1581 830 1639 cf.
853 1601 884 1659 p.
910 1583 986 1653 160,
1010 1584 1070 1656 24,

103 1668 175 1744 161,
197 1667 227 1738 8,
252 1667 301 1739 17,
324 1666 381 1743 31,
406 1667 477 1737 163,
501 1665 535 1739 5,
561 1666 703 1739 164,19,
729 1665 799 1735 165,
822 1665 850 1737 8,
869 1667 918 1735 11,
940 1665 991 1738 23,
1010 1667 1068 1740 26,

102 1752 175 1824 169,
198 1751 255 1826 21,
286 1751 357 1823 170,
382 1752 410 1821 1,
434 1750 484 1821 27,
508 1750 565 1823 32,
596 1748 666 1821 172,
691 1750 727 1823 3,
762 1749 832 1819 173,
857 1750 885 1820 6,
911 1749 965 1825 18,
997 1752 1068 1823 175,

100 1836 161 1910 25,
186 1836 256 1906 176,
280 1834 330 1907 14,
354 1835 394 1893 26
417 1842 489 1892 1111.
514 1865 558 1874 -
583 1831 669 1892 unde
690 1833 792 1892 elucet
811 1831 851 1893 W
873 1833 919 1893 eis
942 1833 981 1893 de
1002 1836 1068 1914 qui-

101 1919 160 1978 bus
187 1918 279 1978 modo
302 1918 367 1977 dixi
387 1918 474 1977 libris
495 1917 636 1976 bonitate
663 1917 707 1977 ita
728 1919 916 1997 superiorem
943 1939 1011 1979 esse
1036 1930 1071 1979 ut

100 2012 134 2063 et
155 2002 327 2081 pleniorem
348 2011 380 2062 et
398 2003 552 2080 puriorem
573 2002 737 2062 uerborum
759 2010 936 2063 contextum
956 2003 1069 2063 tradat.

100 2096 135 2147 et
154 2105 231 2147 sane
257 2087 309 2146 hic
329 2086 409 2147 liber
434 2088 516 2146 inter
544 2087 675 2164 optimos
704 2087 839 2146 omnium
860 2089 913 2166 qui
936 2097 1070 2148 aetatem

99 2171 240 2232 tulerunt
261 2171 400 2231 codicum
428 2181 510 2230 esset
531 2172 757 2244 numerandus,
785 2172 846 2230 nisi
872 2172 957 2230 illam
978 2192 1070 2252 quam

100 2275 199 2335 supra
220 2256 453 2315 commemoraui
474 2253 577 2315 labem
599 2257 777 2335 accepisset.
812 2275 894 2315 nunc
916 2276 984 2315 cum
1007 2279 1070 2317 cor-

101 2342 205 2399 rec'tor
224 2340 256 2399 in
272 2358 310 2400 eo
324 2348 479 2418 grassatus
497 2340 546 2411 sit,
569 2340 654 2400 haud
669 2341 775 2417 paucis
790 2341 876 2412 locis,
898 2341 952 2400 nbi
966 2340 991 2399 B
1007 2340 1028 2400 6
1043 2341 1070 2400 V

100 2443 160 2483 nos
189 2423 350 2497 deficiunt,
386 2424 462 2502 quid
495 2425 665 2503 antiquitus
692 2424 840 2483 traditum
864 2424 905 2483 sit
932 2425 1068 2501 ignoras.

99 2508 155 2566 hic
181 2518 283 2568 autern
306 2508 369 2567 loci
390 2509 483 2587 paulo
511 2508 683 2567 accuratius
705 2506 745 2566 de
768 2507 949 2567 correcturis
975 2509 1008 2566 in
1030 2508 1070 2570 W

101 2590 204 2650 obuiis
230 2591 305 2651 mihi
332 2591 489 2670 agendum
514 2601 570 2654 111.
612 2599 733 2651 tanturn
755 2591 838 2651 enirn
860 2591 948 2652 abest
968 2601 1003 2652 ut
1026 2593 1070 2653 eis

99 2683 223 2735 tanturn
247 2676 324 2736 locis
349 2677 459 2755 quibus
485 2676 566 2737 falsa
586 2676 702 2737 tradita
729 2695 797 2737 esse
826 2678 855 2737 ei
882 2676 1071 2738 uidebantur

100 2778 229 2837 operam
260 2762 386 2820 nsuarit
413 2760 521 2820 doctus
552 2761 606 2820 iile
634 2762 748 2833 Italus,
781 2769 817 2820 ut
845 2779 1069 2841 saepenumero

98 2843 251 2904 lectiones
280 2863 349 2903 cum
377 2844 403 2903 B
431 2845 452 2905 0
479 2843 508 2903 V
537 2854 744 2922 congruentes
776 2847 953 2905 coniectura
984 2848 1071 2906 resti·

98 2928 202 2986 tuerit.
230 2928 305 2987 mihi
323 2930 430 3007 itaque
449 2949 515 2989 non
531 2928 659 2989 dubium
681 2937 727 2988 est
741 2931 816 3008 quin
830 2930 914 2989 haud
929 2950 999 2990 raro
1016 2931 1070 2991 ille

98 3030 201 3072 meros
223 3013 290 3071 eius
311 3014 364 3090 qui
384 3012 424 3074 W
446 3015 586 3072 exaranit
606 3014 724 3072 librarii
747 3032 865 3074 errores
887 3016 1070 3089 correxerit3

99 3096 188 3156 cuius
214 3098 261 3156 rei
287 3097 413 3156 unicum
434 3097 548 3156 sufficit
567 3097 627 3157 hoc
654 3098 763 3158 afferre
792 3099 966 3177 exemplum
987 3098 1071 3177 quod

98 3179 217 3260 ubique
239 3181 306 3241 iere
327 3181 484 3241 litterulae
507 3182 561 3241 ‘et'
584 3183 618 3240 in
639 3202 748 3242 rasura
768 3192 841 3242 sunt
862 3183 1010 3261 scriptae,
1036 3191 1071 3242 nt

99 3266 237 3324 conicias
264 3265 406 3344 primitus
435 3284 487 3326 111
516 3267 606 3325 111111
634 3267 817 3345 compendio
847 3265 900 3343 (dr)
929 3276 1070 3327 exaratas

97 3349 206 3409 fuisse.
252 3358 387 3409 ceterum
414 3369 600 3429 quamquam
627 3360 819 3411 correcturae
845 3351 918 3410 illae
940 3352 1071 3431 plerum-

97 3452 163 3513 que
192 3435 288 3494 erasis
309 3433 463 3513 prioribus
490 3435 648 3514 scripturis
671 3436 771 3496 factae
799 3445 872 3496 sunt
892 3435 1026 3516 ideoque
1053 3456 1072 3494 a
