2406 4012
397 189 558 241 rarrruo
577 190 612 241 u.
639 191 745 240 rr-re.
967 186 972 193 ’
1013 189 1052 252 tl

10 376 14 401 =
78 340 238 405 debonis
259 338 412 421 malisque
428 338 626 421 principibus
647 360 715 402 non
731 342 857 403 tantum
880 342 951 421 post
967 340 1054 422 ipsos

81 425 242 506 iudicare3
269 427 432 508 postremo
454 426 490 485 ut
514 423 730 506 experimento
755 427 1001 507 cognosceretur
1023 427 1055 486 et

83 512 165 573 ante
186 529 247 571 nos
267 510 393 592 gratoS,
422 506 476 570 sed
497 506 630 571 miseros
658 528 708 572 cos
728 508 827 571 fuisse
848 506 963 590 quibus
986 529 1054 570 esse

83 614 146 658 nos
173 595 284 676 gratos
310 591 444 674 probare
472 593 567 654 antea
593 613 660 655 non
688 592 789 655 licuit.
834 614 853 654 a
889 613 952 674 qua
979 613 1052 655 con·

83 677 248 758 tentione,
271 697 333 759 quo
355 675 448 755 nixa,
470 675 585 758 quibus
607 674 797 739 clamoribus
818 675 1079 759 expostulatuma

10 832 12 849 ἶ
87 764 139 825 est
159 781 202 824 ne
223 760 356 824 affectus
377 764 520 841 nostros,
553 780 594 822 ne
617 763 672 823 tua
695 761 808 823 merita
830 759 1052 843 supprimeres,

84 845 226 928 denique
248 847 285 908 ut
307 843 523 926 inposterum
545 843 690 926 exemplo
707 845 905 926 prouideresl
929 844 1055 909 discant

83 933 123 994 et
141 929 304 1013 principes
324 928 569 991 acclamationes
591 949 681 990 ueras
696 928 857 1012 falsasque
875 928 1054 992 discernere

10 1038 12 1043 ·
86 1013 293 1095 habeantque
318 1012 457 1076 muneris
479 1013 528 1075 tui
550 1011 635 1095 quod
660 1012 724 1074 iam
747 1011 852 1094 decipi
878 1033 945 1074 non
965 1017 1053 1096 pote-

87 1101 177 1161 runt.
221 1118 288 1160 non
309 1096 531 1160 instruendum
553 1095 616 1159 illis
639 1096 700 1160 iter
723 1097 761 1159 ad
784 1096 902 1160 bonam
922 1096 1052 1177 famam,
1069 1118 1093 1155 ro

88 1182 146 1245 sed
168 1202 235 1245 non
255 1181 474 1264 deserendum,
498 1202 566 1267 non
588 1181 806 1245 submonendo
829 1179 977 1262 adulati0,
1000 1180 1054 1244 sed

88 1287 159 1329 non
185 1264 363 1329 reducenda
391 1268 450 1329 est.
496 1270 617 1330 certum
646 1269 695 1329 est
721 1269 753 1330 et
780 1287 861 1349 quae
888 1265 995 1329 facere
1023 1269 1055 1329 et

87 1371 173 1433 quae
200 1349 338 1414 debeant
364 1351 491 1432 audire,
527 1350 554 1412 si
582 1351 713 1414 faciant.
763 1349 839 1434 quid
871 1372 959 1414 nunc
994 1371 1053 1433 ego

86 1455 186 1517 snper
215 1455 357 1517 eaquae
385 1456 455 1498 sum
484 1456 556 1498 cum
584 1437 652 1498 toto
680 1439 795 1498 senatu
820 1439 968 1517 precatus
996 1454 1053 1516 pro

87 1521 205 1582 senatu
229 1539 354 1602 precer,
384 1519 447 1582 nisi
474 1521 510 1581 ut
532 1518 662 1583 haereat
689 1520 795 1583 animo
825 1523 880 1582 tuo
903 1517 1055 1601 gaudium
1069 1536 1093 1574 15

85 1603 176 1686 quod
190 1604 268 1666 tunc
284 1602 382 1666 oculis
397 1603 569 1686 protulisti,
592 1625 679 1666 ames
695 1603 785 1666 illum
800 1603 882 1665 diem
901 1605 1055 1664 ettamen

87 1687 217 1765 uineas,
245 1708 330 1750 noua
357 1687 522 1769 merearis,
552 1709 638 1751 noua
660 1685 793 1750 audias?
839 1685 947 1748 eadem
970 1684 1054 1747 enirn

86 1771 157 1834 dici
177 1770 240 1835 nisi
260 1771 348 1835 facta
369 1792 455 1837 uouu
477 1776 588 1835 assuat
608 1792 674 1834 non
695 1772 840 1854 possunt.

157 1853 300 1921 LXXVI.
350 1854 418 1919 Iam
440 1877 535 1939 quam
557 1856 739 1938 antiquum,
773 1876 867 1937 quam
891 1853 1055 1918 consulare

90 1938 175 2022 quod
196 1940 337 2003 triduum
358 1943 464 2004 totum
491 1943 620 2004 senatus
643 1940 702 2003 sub
725 1939 869 2023 exemplo
891 1939 939 2002 tui
961 1937 1053 2020 sedit,
1068 1960 1093 1998 20

89 2045 165 2087 cum
189 2024 312 2087 interea
338 2023 422 2088 nihil
443 2029 570 2107 praeter
598 2024 760 2088 consulem
788 2025 914 2108 ageres!
958 2025 1055 2087 inter-

90 2110 223 2192 rogatus
246 2108 351 2172 orauit
366 2108 498 2192 quisque
514 2109 597 2192 quod
612 2108 751 2194 placuit:
774 2110 863 2174 licuit
876 2107 1054 2185 dissentire,

90 2191 252 2256 discedere
280 2195 312 2256 ot
334 2194 459 2276 copiam
481 2193 592 2258 iudicii
620 2193 668 2257 sui
697 2194 744 2257 rei
765 2193 911 2276 publicae
933 2193 1055 2256 facere:

90 2277 231 2340 consulti
252 2298 363 2340 omnes
384 2281 479 2361 atque
500 2278 596 2341 etiam
611 2278 803 2342 dinumerati
823 2297 941 2357 sumus,
965 2275 1056 2338 uicit-

88 2381 154 2443 que
176 2361 335 2424 sententia
356 2383 422 2426 non
445 2362 549 2444 prima
571 2363 626 2425 sed
648 2362 770 2425 melior.
814 2364 848 2423 at
868 2360 939 2443 quis
961 2364 1055 2421 antea
1068 2376 1094 2416 25

90 2445 191 2526 loqui,
212 2445 283 2528 quis
304 2445 428 2510 hiscere
451 2446 589 2509 audebat
610 2450 737 2528 praeter
758 2444 889 2506 miseros
907 2443 979 2506 illos
1001 2441 1056 2525 qui

90 2529 188 2612 primi
215 2529 519 2614 interrogabantur?
566 2529 662 2594 ceteri
684 2528 812 2612 quidem
834 2526 929 2589 defixi
956 2528 988 2589 et
1010 2533 1054 2589 at·

88 2613 188 2676 toniti
208 2614 311 2698 ipsam
329 2615 419 2678 illam
434 2618 556 2679 mutam
577 2635 614 2680 ac
629 2611 840 2679 sedentariam
861 2610 1056 2674 assentiendi

89 2698 316 2762 necessitatem
338 2721 400 2782 quo
423 2721 495 2764 cum
518 2699 625 2763 dolore
647 2697 756 2780 animi,
779 2718 841 2781 quo
865 2717 937 2761 curn
955 2696 1056 2759 totius

78 2782 235 2865 corporis
257 2781 389 2849 horrore
410 2784 685 2869 perpetiebantur!
711 2803 793 2845 unus
816 2781 961 2865 solusque
984 2802 1053 2844 cen·
1070 2801 1094 2838 ao

160 3041 176 3088 3
195 3054 243 3089 eos
260 3041 363 3091 addidi.-
382 3056 428 3090 om.
441 3041 468 3086 Μ
483 3037 487 3103 Ι
504 3034 614 3105 quibus]
634 3040 698 3102 quia
713 3038 815 3087 Keiliuc
832 3035 842 3101 11
861 3038 892 3086 10
911 3032 956 3098 ad]
974 3034 1021 3083 sed
1039 3037 1056 3081 c

93 3102 105 3169 Η
134 3107 163 3155 11
182 3105 362 3157 deserendum
379 3108 399 3154 B
417 3109 463 3158 W:
487 3107 665 3156 deserundum
686 3108 703 3154 c
722 3105 743 3151 V
759 3101 769 3168 ΙΙ
787 3106 818 3154 16
836 3101 994 3168 praetulisti
1011 3101 1045 3149 Lr‘

90 3175 206 3228 uinctus:
236 3175 317 3223 malim
340 3173 483 3237 prodidisti
518 3170 528 3238 ll
565 3175 596 3223 18
618 3187 690 3222 noua
711 3175 807 3222 assunt
830 3171 933 3220 addidi:
960 3169 1057 3219 orn.1t1

91 3239 148 3289 uisi
172 3239 206 3289 ob
224 3241 317 3290 eadem
339 3240 412 3291 facta
429 3242 574 3290 Catanueus
599 3241 653 3289 nisi
670 3241 746 3289 facta
768 3240 825 3289 sint
846 3236 940 3288 eadem
957 3235 1057 3284 Keiliar

78 3305 106 3371 ,ΙΙ
127 3308 161 3357 20
178 3307 221 3357 tui
238 3310 309 3356 ew:
330 3314 377 3358 tuo
395 3308 448 3357 BV
465 3309 611 3373 patientiae
632 3312 697 3357 tuae
712 3307 783 3370 Oucp,
799 3304 852 3371 1121
871 3305 1057 3365 interrogatus

91 3375 184 3424 orauit
200 3377 307 3439 scripsi.-
325 3375 505 3440 interrogauit
522 3377 549 3422 Μ
561 3373 571 3439 l
584 3377 616 3424 22
635 3374 712 3424 licuit
729 3375 833 3424 addidi:
851 3388 897 3422 om.
914 3373 941 3420 Ι
956 3371 961 3436 Ι
975 3371 1057 3421 inter-

91 3445 207 3558 gplpagus
226 3443 339 3507 quisque
358 3459 381 3507 q.
401 3443 437 3509 pl.
456 3442 606 3502 sentiebat;
629 3443 706 3492 licuit
722 3441 789 3493 diss.
807 3440 908 3490 Kellios
931 3437 941 3506 ΙΙ
965 3441 998 3490 25
1016 3436 1055 3502 atl
