2406 4012
133 148 197 212 120
422 150 471 203 lv.
497 147 656 199 nullutn
674 144 812 197 cuculo

196 297 238 363 V.
283 297 334 361 Ex
360 318 423 380 quo
456 295 664 360 manifestum
692 298 743 359 cst
769 315 824 359 eos
859 295 915 379 qui
944 294 1092 361 coloniam

131 384 229 447 iatam
249 386 301 447 tot
320 381 485 463 tantisque
506 380 621 466 opibus
641 379 742 443 totius
762 380 889 475 imperii
912 380 1092 477 erigerent

133 462 1094 643 ttrttttttttttuttrttttdfftdtttrtt

108 634 349 718 altequentiam
370 632 616 697 honestissimae
643 631 821 695 iuuentutis
847 632 1012 696 illustrato
1039 636 1094 698 stu-

135 720 259 782 diorum
281 717 404 781 honore
425 716 633 802 prouidarint.
680 716 730 779 cui
758 715 845 779 enim
872 737 1095 801 umquamne

134 806 240 866 terum
261 802 444 886 principum
466 804 577 865 tentae
598 800 662 864 fuit
683 821 779 864 curae
806 804 842 863 ut
864 800 1036 866 doctrinae
1057 804 1098 867 at

135 908 196 971 quc
220 887 419 971 eloquentiae
442 885 547 950 studia
567 885 720 948 florerent
741 886 880 968 quantus
901 884 952 949 his
974 886 1099 970 optimis
1132 921 1136 929 ·

136 974 168 1035 et
189 971 479 1056 indulgentissimis
507 969 645 1034 dominis
673 970 801 1055 generis
823 969 985 1033 hnmani?
1028 990 1100 1054 quos
1129 1044 1135 1051 ¹

97 1076 123 1117 ro
137 1077 206 1140 ego,
229 1056 314 1140 quod
336 1056 377 1120 ad
397 1059 508 1120 uotum
528 1055 743 1138 pietatemque
757 1054 909 1139 pertinet,
932 1054 1100 1121 liberorum

136 1143 322 1204 nostrorum
343 1144 493 1224 parentes
515 1138 676 1222 appellare
699 1159 767 1202 non
788 1137 915 1202 dubito:
939 1139 997 1223 qui
1018 1138 1101 1203 nobi·
1143 1198 1148 1209 ,

135 1225 289 1287 lissimam
315 1225 412 1287 istam
440 1222 581 1287 indolem
608 1221 785 1287 Galliarum
814 1244 944 1286 suarum
972 1223 1101 1289 interitu
1143 1218 1148 1266 ³

136 1307 252 1371 summi
281 1307 419 1371 doctoris
452 1308 597 1371 orbatam
627 1307 784 1390 respicere
812 1307 939 1391 dignati
967 1328 1027 1371 suo
1053 1328 1103 1392 pu·

135 1391 295 1455 tissimum
327 1391 445 1455 iudicio
472 1395 713 1475 praeceptorem
746 1390 775 1454 ei
807 1391 1104 1477 moderatoremque

98 1476 319 1540 retribuenmt
346 1478 379 1540 et
404 1474 491 1540 inter
518 1476 589 1540 illas
617 1475 839 1572 imperatorias
868 1474 918 1539 dis
941 1476 1104 1559 ositiones,

136 1560 233 1645 longe
261 1560 435 1625 maioribus
461 1582 603 1624 summae
631 1581 678 1623 re1
700 1560 848 1643 publicae
875 1498 1105 1645 guismundus

136 1645 373 1729 prouisionibus
408 1645 570 1729 occupati,
605 1644 784 1708 litterarum
811 1665 937 1727 quoque
965 1644 1106 1711 habuere

137 1730 288 1794 dilectum
317 1752 420 1814 neque
448 1730 542 1794 aliter
568 1751 663 1813 quam
691 1728 719 1792 si
745 1730 884 1811 equestri
905 1732 1034 1793 turmae
1054 1729 1106 1795 uel

138 1813 262 1878 cohorti
284 1813 464 1897 praetoriae
487 1813 716 1878 consulendum
737 1812 837 1896 foret,
861 1834 956 1897 quem
978 1813 1107 1897 potissi·

97 1916 123 1955 ao
137 1918 224 1960 mum
246 1898 468 1980 praeficerent,
497 1899 547 1961 sui
569 1897 692 1961 arbitrii
715 1918 784 1961 esse
805 1896 978 1977 duxerunt,
1010 1920 1052 1962 ne
1072 1897 1107 1961 hi

137 2000 215 2062 quos
239 1981 279 2042 ad
301 2002 391 2063 spem
414 1981 558 2044 omnium
572 1980 782 2045 tribunalium
805 1984 860 2045 aut
880 1981 1046 2047 interdum
1067 1981 1107 2047 ad

137 2063 299 2146 stipendia
322 2064 543 2148 cognitionum
563 2086 725 2128 sacrarum
747 2069 803 2129 aut
816 2065 953 2130 fortasse
975 2066 1018 2131 ad
1036 2066 1108 2150 ipsa

137 2145 250 2231 palatii
278 2147 463 2233 magisteria
489 2149 623 2232 prouehi
650 2152 826 2232 oporteret,
864 2150 966 2214 ueluti
993 2172 1105 2234 repen·

136 2232 206 2296 tino
228 2232 340 2296 nubilo
368 2233 403 2297 in
426 2233 538 2297 mediis
565 2233 801 2298 adulescentiae
822 2234 973 2298 fluctibus
995 2234 1105 2318 depre-

100 2317 244 2399 shensi,
267 2319 390 2383 incerta
412 2317 540 2382 dicendi
562 2318 656 2402 signa
677 2322 893 2401 sequerentur.

200 2401 256 2467 VI.
300 2402 340 2467 In
367 2424 430 2487 quo
458 2424 532 2488 ego,
562 2403 612 2467 uir
639 2401 885 2486 perfectissime,
913 2402 999 2466 nihil
1020 2402 1105 2467 laudi

136 2508 226 2551 meae
258 2488 381 2569 tribuo,
419 2488 473 2551 sed
509 2487 631 2551 domini
662 2486 764 2550 nostri
794 2486 994 2569 Constantii,
1032 2508 1106 2551 uera

160 2570 1105 2740 utu1seulintruduntur-tu

98 2754 125 2793 ao
138 2735 249 2797 mirari
281 2736 360 2798 satis
394 2757 534 2819 nequeo,
569 2740 624 2821 qui
650 2739 805 2804 honorem
833 2739 1016 2804 litterarum
1043 2739 1103 2805 hac

138 2838 262 2901 quoque
283 2817 471 2902 dignatione
495 2822 672 2886 cumulauit
692 2828 729 2887 ut
750 2845 800 2887 mc
814 2823 881 2887 filio
903 2824 1011 2907 potius
1033 2844 1104 2889 meo

137 3004 340 3017 ..ὴ-*Ἢ

206 3126 221 3175 'l
239 3124 366 3176 doctriua
382 3126 405 3175 A
415 3128 448 3175 W
464 3124 474 3192 ll
491 3129 508 3178 9
526 3123 567 3193 et]
586 3132 671 3194 atque
685 3130 704 3177 0
721 3126 781 3244 im
798 3129 928 3181 interitus
939 3130 964 3179 A
974 3130 995 3178 Ι
1007 3130 1030 3178 V
1045 3126 1057 3195 Ι
1074 3130 1104 3179 16

135 3191 218 3257 longe
236 3193 387 3243 maioribus
404 3196 427 3242 A
439 3195 472 3243 W
483 3194 572 3245 Bert:
589 3212 635 3247 om.
653 3197 674 3243 B
691 3198 710 3246 d

138 3257 143 3319 1
163 3261 253 3324 repA
271 3258 280 3325 ΙΙ
298 3262 330 3311 17
349 3266 499 3327 occupatus
510 3264 547 3324 Ι,
565 3260 698 3327 correxi!
716 3266 749 3315 20
766 3263 960 3329 perticat-ente
976 3262 988 3329 fl
1004 3266 1040 3315 2³
1057 3280 1103 3329 pa·

136 3324 212 3391 latii]
231 3326 363 3392 stipendii
380 3330 398 3377 0
427 3327 438 3394 ll
467 3330 500 3379 2⁷
519 3329 678 3381 Constantil
696 3333 726 3381 cs
750 3330 899 3383 Constanti
916 3334 939 3380 A
955 3332 978 3381 B
995 3332 1018 3380 V
1036 3328 1104 3383 (lon-

138 3395 256 3445 stantinl
272 3394 305 3445 W
322 3394 397 3447 Bert.
424 3394 429 3459 Ι
455 3412 520 3447 uere
538 3398 606 3446 AW
622 3397 713 3451 Bm„-
735 3415 782 3450 om.
801 3402 822 3448 B
840 3402 857 3448 (t
875 3400 897 3447 v
920 3397 932 3465 ΙΙ
955 3400 989 3451 28
1008 3400 1103 3451 iuuan-

137 3460 207 3511 tutis
223 3462 244 3509 B
262 3462 296 3511 V:
315 3463 436 3514 uiuentis
453 3464 476 3513 A
494 3465 511 3513 d
528 3465 561 3513 W

757 3194 880 3263 tiammo
898 3210 936 3245 a:
954 3210 1063 3249 summa
1077 3196 1104 3245 r
