2406 4012
396 235 553 288 remano
571 237 606 289 n.
631 239 740 290 ee-ce.
1007 241 1049 305 63

77 389 266 467 temporum
282 386 467 449 constanter
482 388 619 467 utamur,
636 408 715 471 quos
730 389 877 453 meminit
891 390 950 455 sub
965 392 1048 456 malo

78 468 230 553 principe
253 468 346 533 aliter
367 469 494 534 uixisse.
522 491 708 555 nuncupare
725 475 803 536 uota
826 477 859 538 εὴ
873 496 932 557 pro
949 478 1052 539 aeter-

80 554 187 618 nitate
214 553 341 638 imperii
369 557 401 618 et
426 575 484 639 pro
510 554 612 619 salute
639 556 838 640 principum,
867 559 964 622 immo
990 581 1049 642 pro

80 639 187 703 salute
206 637 387 723 principum
410 660 447 703 ac
462 642 592 723 propter
610 639 683 704 illos
705 664 763 725 pro
784 643 973 707 aeternitate
990 646 1051 707 im-

80 722 164 808 perii
185 723 374 788 solebamus.
402 722 482 788 haec
496 745 554 807 pro
573 725 767 809 imperatore
786 730 897 792 nostro
920 728 954 791 in
968 745 1075 812 quae5

81 809 151 872 sint
171 807 270 871 uerba
292 810 440 892 suscepta
462 810 732 892 operaepretium
754 815 804 875 est
818 812 985 877 adnotare:
1010 814 1049 877 ‘si

80 893 165 957 bene
195 913 264 956 rem
290 892 451 975 publicam
486 895 518 955 et
549 915 588 956 ex
620 893 758 958 utilitate
794 896 938 960 omnium
969 897 986 936 '¹‘
1012 898 1046 936 ‘¹⁸'

81 976 184 1061 digna
204 979 281 1041 uota
304 997 384 1059 quac
407 998 531 1061 semper
546 977 762 1061 suscipiantur
784 1000 971 1064 semperque
988 981 1048 1044 sol-

80 1063 209 1126 uantur.
259 1060 327 1145 egit
349 1082 420 1125 cum
442 1061 491 1125 dis
514 1061 584 1144 ipso
607 1065 640 1126 te
663 1065 807 1145 auctore,
836 1063 968 1148 Caesar,
998 1085 1048 1128 res

80 1145 212 1228 publica
232 1147 268 1208 ut
287 1148 320 1208 te
343 1146 494 1242 sospitem
516 1146 769 1231 incolumemque
785 1151 997 1232 praestarent,
1022 1149 1048 1213 si
1062 1169 1091 1208 10·

79 1234 118 1293 tu
142 1232 265 1294 ceteros
285 1230 515 1314 praestrtisses3
543 1231 571 1294 si
593 1235 714 1315 contra,
737 1232 785 1296 illi
807 1254 932 1317 quoque
955 1256 974 1297 a
996 1255 1048 1298 cu-

81 1312 188 1377 stodia
214 1313 264 1377 tui
286 1314 400 1398 capitis
423 1315 531 1380 oculos
554 1315 754 1380 dimouerent
775 1320 869 1402 teque
890 1319 1048 1402 relinque-

80 1402 157 1462 rent
184 1398 267 1462 uotis
298 1419 380 1481 quae
407 1420 473 1463 non
498 1399 606 1482 palam
633 1402 880 1486 susciperentur.
929 1403 985 1467 alii
1014 1424 1048 1467 se

81 1504 120 1547 su
143 1482 270 1547 erstites
296 1483 344 1547 rei
365 1483 512 1567 publicae
535 1486 692 1568 optabant
713 1487 954 1569 faciebantque:
987 1486 1047 1550 tibi

81 1504 170 1631 salius
196 1570 253 1630 tua
278 1566 383 1630 inuisa
410 1570 473 1650 est,
508 1568 536 1632 si
562 1590 631 1632 non
657 1571 700 1633 sit
727 1591 799 1633 cum
826 1571 871 1634 rei
899 1570 1048 1653 publicae
1061 1588 1086 1628 15

81 1650 184 1716 salute
212 1651 392 1715 coniuncta.
438 1652 520 1716 nihil
546 1674 605 1735 pro
633 1657 665 1717 te
689 1654 809 1736 pateris
837 1655 956 1737 optari,
985 1654 1048 1717 nisi

80 1735 232 1820 expediat
253 1736 450 1820 optantibus,
474 1737 683 1821 omnibusque
706 1737 800 1800 annis
823 1738 858 1801 in
880 1737 1048 1802 consilium

81 1821 121 1885 de
143 1823 177 1885 te
195 1820 270 1885 deos
292 1821 393 1884 mittis
415 1822 578 1905 exigisque
600 1827 637 1886 ut
651 1822 845 1886 sententiam
868 1844 957 1886 suam
980 1844 1048 1886 mu-

78 1908 169 1988 tent,
202 1905 287 1968 situ
314 1905 389 1969 talis
412 1926 481 1970 esse
509 1906 639 1971 desieris
663 1906 765 1990 qualis
788 1908 906 1971 electus
930 1929 979 1991 es„
1015 1910 1048 1971 et

79 1989 210 2074 ingenti
241 1990 451 2072 consolantia,
486 1988 618 2075 Caesar,
652 1992 743 2075 quasi
770 1992 941 2077 pacisceris
975 2013 1046 2057 cum
1059 2011 1085 2050 20

80 2074 132 2137 dis
154 2076 191 2137 ut
211 2076 254 2158 tc,
278 2075 306 2138 si
320 2074 484 2153 merueris,
507 2079 646 2159 seruent,
670 2097 742 2140 cum
764 2077 847 2141 scias
870 2099 912 2142 an
927 2099 1046 2142 merea-

79 2158 127 2222 ris
148 2158 311 2222 neminem
338 2159 441 2243 magis
464 2180 559 2243 quam
582 2161 656 2224 deos
678 2162 768 2226 scire.
814 2183 923 2226 nonne
944 2162 1046 2245 uobis,

78 2245 190 2326 patres
218 2244 409 2326 conscripti,
439 2243 518 2308 haec
544 2245 655 2310 diebus
681 2267 718 2310 ac
746 2246 894 2309 noctibus
923 2245 1047 2329 agitare

79 2348 189 2392 secum
211 2327 351 2392 uidetur:
390 2335 461 2412 ‘ego
484 2329 610 2412 quidem
632 2330 667 2393 in
688 2351 750 2412 me,
773 2330 800 2391 si
822 2330 964 2393 omnium
986 2330 1047 2391 uti-

78 2411 155 2475 litas
182 2410 229 2475 ita
251 2416 411 2495 posceret,
443 2413 540 2477 etiam
567 2413 723 2495 praefecti
750 2434 880 2475 manum
908 2413 1046 2476 armaui:
1060 2429 1086 2469 2⁵

79 2495 138 2560 sed
166 2517 206 2559 ne
234 2495 365 2561 deorum
387 2496 516 2581 quidem
543 2499 598 2560 aut
619 2498 700 2560 iram
728 2499 784 2560 aut
805 2496 1046 2580 neglegentiam

79 2580 248 2665 deprecor,
274 2603 392 2664 quaeso
414 2581 512 2645 immo
534 2585 567 2645 et
588 2582 731 2645 obtestor
753 2603 794 2645 ne
816 2602 966 2665 umquam
987 2601 1046 2664 pro

78 2686 133 2728 me
158 2667 236 2729 uota
262 2687 313 2730 res
335 2666 465 2749 publica
486 2667 590 2730 inuita
617 2666 771 2750 suscipiat
792 2668 861 2749 aut,
892 2666 919 2729 si
942 2687 1046 2731 susce·

78 2749 166 2832 perit
186 2749 307 2834 inuita,
330 2772 372 2814 ne
395 2750 545 2815 debeat'?

144 2832 293 2899 LXVIII.
324 2833 420 2919 (Iapis
443 2856 532 2920 ergo,
555 2834 679 2919 Caesar,
703 2836 814 2899 salutis
836 2839 909 2899 tuae
930 2834 1045 2919 glorio·
1059 2856 1084 2896 ao

77 2917 242 2982 sissimum
270 2920 411 2984 fructum
438 2941 476 2984 ex
505 2941 662 2985 consensu
688 2920 826 2984 deorum.
870 2941 943 2982 nam
975 2941 1047 2983 cum

78 3003 220 3085 excipias
246 3007 283 3068 ut
304 3004 352 3068 ita
374 3005 501 3068 demum
526 3008 559 3069 te
581 3005 632 3070 dci
654 3007 797 3088 seruent,
827 3005 853 3067 si
876 3004 956 3067 bene
979 3024 1047 3066 rem

149 3228 165 3277 3
183 3227 263 3277 immo
282 3242 331 3292 pro
350 3227 440 3277 salute
458 3228 613 3293 principum
630 3242 648 3276 u
665 3241 692 3277 r:
711 3243 758 3278 om.
776 3228 796 3274 B
811 3227 832 3273 V
843 3226 876 3274 W
887 3238 913 3272 m
934 3221 944 3289 11
965 3224 981 3272 5
998 3223 1046 3272 im-

75 3299 207 3358 peratore
217 3294 381 3346 Perizom'ur:
398 3295 510 3360 imperio
521 3298 548 3343 Μ
564 3294 567 3358 Ι
583 3296 612 3345 in
624 3311 677 3360 quo
689 3295 744 3342 BV
759 3296 763 3355 1
780 3298 844 3343 sunt
856 3295 873 3341 c
886 3289 896 3357 11
910 3293 924 3341 7
944 3291 1048 3342 rexeris

78 3362 196 3423 (rexerit
207 3366 302 3413 mauolt
313 3362 393 3425 Keil.)
405 3366 525 3428 supplent
536 3365 593 3413 cdd.
611 3360 621 3427 11
644 3366 675 3412 12
688 3359 798 3428 capitis]
814 3359 966 3424 corporisc
981 3363 985 3423 1
1002 3359 1046 3408 de·

76 3430 285 3479 mouerentVW
297 3427 308 3494 1
322 3430 543 3481 llconciliumw
556 3428 566 3494 11
581 3429 788 3482 letutalisesse
800 3429 908 3492 scripsi:
917 3426 1046 3478 tulisset!

77 3500 111 3546 tu
124 3510 215 3548 essew
227 3497 293 3548 talis
305 3512 391 3563 essee
406 3498 410 3561 Ι
427 3504 454 3549 et
463 3516 523 3565 epo:
537 3499 618 3548 sed!
630 3495 640 3562 11
653 3500 687 3548 20
696 3499 774 3563 quasi
783 3498 891 3561 scripsi:
905 3496 1046 3561 quchV,

77 3565 230 3616 omwedd.
243 3563 298 3629 1121
311 3567 439 3618 merueris
453 3568 563 3618 Kellios:
575 3567 720 3618 mereberis
730 3568 757 3614 1
768 3565 894 3616 merearis
907 3565 1047 3614 sichardus
