2406 4012
293 211 508 264 MAXIMIANO
523 212 695 265 AUGUSTO
713 215 747 264 D.
785 216 891 265 11-13.
1031 211 1073 277 99

101 364 157 426 tus
190 364 240 424 est
276 381 379 444 paene
412 361 568 425 exercitus
607 364 731 424 uestros
769 361 878 425 uideat
909 362 1073 447 ingressos

103 445 222 510 oblitos
245 466 285 509 ue
306 444 439 509 nenium
461 444 609 529 refugum
636 466 724 509 mare
751 451 877 511 secutos
906 468 984 531 esse,
1011 469 1073 531 que

104 467 253 595 cederetl
297 550 392 613 quam
425 550 512 593 nunc
548 529 686 594 insulam
722 531 941 615 remotiorem,
980 553 1074 615 quem

103 614 205 679 elium
227 613 290 678 sibi
312 614 402 697 optet
423 613 600 678 oceanum?
637 635 699 697 quo
722 614 857 699 denique
880 619 974 699 pacto
997 616 1072 680 effu-

128 719 182 762 ere
204 718 326 780 poenas
341 697 537 781 reipublicae
552 701 668 780 potest,
691 698 756 762 nisi
778 699 805 762 si
827 698 945 764 haustu
966 704 1099 765 terraer

103 719 275 846 deuoretur
297 782 353 847 sut
373 781 500 845 turbine
523 781 631 864 aliquo
650 783 685 845 in
706 783 798 846 deuia
818 805 896 848 sexa
917 784 1071 868 rapiatur.

104 866 291 931 aedificatae
330 868 405 929 sunt
447 869 639 949 ornatacque
680 866 913 949 pulcherrimae
954 867 1073 933 classes

104 951 229 1014 cunetis
261 950 357 1014 simul
392 951 539 1014 amnibus
573 971 728 1015 oceanum
761 951 931 1034 petiturae.
969 974 1073 1036 neque

103 1035 210 1099 solum
233 1033 274 1098 sd
295 1034 506 1117 perficiendas
529 1056 582 1098 eas
606 1035 753 1099 certatim
776 1036 921 1100 homines
946 1036 1072 1099 labora-

102 1122 198 1197 runt,
238 1119 293 1182 sed
326 1119 422 1182 etiam
456 1117 497 1182 ad
534 1119 737 1202 excipiendas
771 1118 906 1184 flumina
940 1124 1112 1205 repentem

104 1206 287 1268 creuerunt.
318 1204 389 1266 toto
410 1202 479 1266 fere
502 1224 597 1287 anne,
620 1203 802 1286 imperator,
826 1225 888 1288 quo
912 1205 971 1270 tibi
993 1226 1073 1288 opus

103 1289 174 1352 erat
196 1287 370 1351 serenitate
392 1290 428 1350 ut
450 1287 581 1350 naualia
602 1290 794 1370 tererentur,
818 1293 853 1352 ut
875 1289 983 1353 trabes
1006 1310 1076 1354 eae·

103 1371 265 1453 derentur,
294 1374 331 1435 ut
352 1371 509 1435 artificum
532 1372 632 1435 animi
655 1372 811 1457 uigerent,
841 1376 876 1437 ut
898 1396 1011 1438 manus
1032 1395 1076 1437 ne

102 1458 341 1539 torpescerent,
379 1454 486 1518 nullus
520 1455 587 1519 fere
616 1456 683 1519 dies
711 1456 813 1520 imbre
841 1458 988 1521 foedatus
1016 1464 1073 1522 est.

102 1539 207 1604 hiems
234 1540 305 1623 ipsa
330 1539 518 1623 temperiem
551 1539 635 1603 ueris
667 1541 794 1604 imitata
821 1543 879 1604 est.
915 1542 980 1604 iem
1007 1562 1073 1605 non
1087 1560 1114 1601 15

103 1623 319 1709 septentrioni
358 1645 418 1688 nos
451 1625 636 1707 puteuimus
673 1623 855 1706 subiacere,
896 1625 951 1688 sed
982 1625 1074 1706 quasi

102 1708 271 1773 translatis
295 1707 451 1773 sideribus
467 1710 523 1770 aut
537 1707 630 1771 terris
650 1705 820 1771 meridiani
842 1707 920 1771 caeli
937 1708 1073 1772 clemen·
1145 1714 1149 1719 '

102 1794 183 1857 tiam
217 1793 383 1857 sensimus.
429 1791 545 1855 fluuius
577 1790 631 1856 hic
662 1793 773 1855 noster
806 1792 861 1856 diu
892 1792 1072 1876 pluuiarum

101 1876 223 1962 pabulo
247 1898 358 1941 cerens
379 1876 553 1959 impatiens
575 1879 644 1940 erat
664 1875 803 1960 nauium,
827 1877 929 1942 solam
950 1878 1071 1942 naueli-

101 1963 163 2027 bus
191 1960 254 2024 tuis
285 1961 455 2025 materiam
488 1959 673 2025 deuehebat.
710 1982 783 2026 ecce
817 1965 922 2026 autem
955 1963 1071 2047 subito,
1085 1984 1113 2024 eo

102 2067 177 2110 oum
199 2045 263 2109 ism
287 2045 399 2109 deduci
422 2045 565 2109 liburnas
589 2048 759 2129 oporteret,
782 2046 842 2109 tibi
865 2047 978 2112 uberes
1000 2047 1071 2112 fon-

100 2136 151 2195 tes
174 2133 261 2193 terra
282 2129 440 2208 submisit,
463 2129 524 2193 tibi
544 2129 653 2214 largos
673 2130 791 2194 imbres
813 2131 958 2215 Iuppiter
980 2132 1072 2213 fudit,

101 2215 163 2279 tibi
193 2214 272 2278 totis
300 2213 468 2278 fluminum
496 2213 596 2278 alueis
623 2235 760 2279 oceanus
788 2215 990 2279 redundauit.
1027 2216 1073 2278 ita

99 2299 137 2363 in
169 2320 269 2382 aquas
298 2301 414 2383 sponte
442 2298 615 2362 subeuntes
649 2298 805 2380 impeturn
832 2299 963 2382 nauigia
990 2298 1072 2362 fece·

99 2386 180 2447 runt
208 2383 273 2447 leui
299 2382 394 2446 modo
420 2385 578 2447 commota
606 2382 681 2445 nisu
709 2380 908 2463 ducentium,
937 2401 1110 2463 quorumec

100 2466 144 2531 ad
175 2466 396 2532 felicissimum
429 2466 510 2530 illud
550 2464 712 2528 exordium
752 2465 857 2548 magis
890 2485 969 2549 opus
1003 2470 1072 2530 erat

99 2552 232 2615 nautico
256 2551 396 2615 carmine
425 2571 521 2633 quam
548 2549 666 2614 labore.
705 2547 800 2612 facile
826 2549 936 2631 itaque
965 2550 1070 2633 quiuis

98 2635 273 2720 intellegit,
294 2636 483 2718 imperator,
512 2655 606 2731 quam
628 2632 775 2717 prosperi
795 2636 828 2697 te
851 2654 1014 2700 successus
1035 2636 1070 2700 in

99 2742 136 2785 re
158 2720 319 2784 maritima
341 2719 480 2784 secuturi
500 2721 582 2802 s1nt,
612 2718 663 2783 cui
687 2718 752 2781 iam
777 2718 824 2783 sic
842 2720 1070 2803 tempestatum

98 2804 302 2889 oportunitas
324 2804 526 2887 obsequatur.
1080 2823 1106 2864 eo

157 2888 249 2953 XIII.
273 2887 363 2952 Felix
384 2888 485 2972 igitur
506 2886 636 2970 talibus,
656 2886 769 2968 Roma,
789 2886 989 2971 principibus
1006 2888 1069 2972 (fas

98 2977 149 3037 est
177 2975 264 3037 enim
291 2976 328 3037 ut
357 2971 418 3037 hoc
446 2972 573 3036 dicendi
598 2993 714 3036 munus
741 2970 831 3055 pium
858 2972 942 3036 unde
966 2973 1070 3054 coepi-

98 3079 171 3121 mus
203 3058 444 3140 terminemus),
475 3055 569 3136 felix,
601 3056 749 3140 inquam,
785 3058 817 3119 et
848 3056 949 3165 multo
982 3077 1070 3120 nunc

168 3265 183 3311 1
202 3268 310 3314 uestros
330 3262 469 3313 exercitus
487 3262 571 3310 ΒΗ
592 3259 601 3327 ΙΙ
623 3264 638 3312 9
658 3261 692 3311 ad
711 3260 905 3326 percipiendas
923 3259 950 3304 Η
969 3255 1069 3321 (preci-

96 3330 217 3417 piendas
230 3329 261 3393 B)
275 3329 285 3397 ΙΙ
299 3334 330 3381 13
343 3329 488 3410 artificium
499 3331 521 3377 Δ
534 3327 543 3394 ll
559 3332 590 3379 14
602 3334 776 3409 torpesceret
785 3329 817 3377 W
829 3325 840 3393 ΙΙ
854 3328 885 3377 18
899 3325 1032 3406 sentimus
1041 3329 1068 3376 Π

99 3422 103 3459 3
126 3398 200 3449 caeli
218 3404 289 3448 sent.
309 3398 483 3448 elementiam
502 3410 526 3445 w
544 3395 603 3462 [122
623 3397 695 3447 fudit
713 3396 839 3445 Bcvw:
859 3393 951 3444 tundit
968 3396 991 3442 Δ
1007 3390 1018 3459 ΙΙ
1035 3396 1068 3443 25

99 3534 149 3583 Ar

96 3466 156 3515 leni
172 3480 192 3597 ,p
204 3462 209 3528 Ι
227 3467 294 3515 nixu
308 3467 327 3514 B
341 3467 358 3512 c
370 3466 393 3513 V
405 3463 416 3530 ss
428 3467 461 3515 27
480 3466 571 3528 quiuis
583 3464 628 3512 W:
648 3465 745 3527 queuis
757 3478 783 3511 m
800 3463 844 3512 uls
855 3463 878 3510 V
890 3476 909 3510 u
926 3462 973 3511 uix
985 3462 1005 3511 B
1023 3461 1067 3511 ius

207 3535 240 3584 29
260 3533 305 3583 cui
322 3533 399 3581 AW:
419 3548 479 3581 cum
496 3533 580 3579 ΒΗ
604 3530 614 3595 ΙΙ
638 3533 670 3583 33
689 3547 761 3581 nunc
779 3530 863 3581 multo
881 3531 1000 3580 ΠΜ

880 3612 914 3663 7*
