2406 4012
192 261 255 327 310
514 265 575 316 xri.
605 263 739 317 rasari
757 266 838 317 esu.

193 413 385 500 crepitantia
412 416 496 478 torto
530 434 636 499 angue
664 414 767 499 flagra
796 415 963 562 quatiebas
995 437 1039 480 ne
1067 417 1161 482 morti

192 497 345 563 honestae
373 500 519 580 uacaret,
547 519 588 562 ne
615 499 757 583 regalem
786 497 797 563 i
823 521 877 563 um
906 504 1162 566 sacrosanctum-

177 604 253 666 „que
275 584 427 648 uestitum
449 583 549 666 impio
573 603 684 647 cruore
704 583 872 666 pollueret,
894 606 935 648 ne
958 585 1064 649 cultus
1088 586 1163 650 clim

192 670 267 731 tuus
289 689 326 732 ac
341 666 492 751 deinceps
506 667 644 731 fratrum
658 689 756 751 purus
771 668 937 733 funestum
959 670 1162 754 sanguinem,

166 752 245 816 suel
260 751 336 816 dum
357 750 547 835 uindicatur,
571 751 740 835 acciperet,
763 773 804 816 ne
843 755 981 817 ostremo
995 756 1030 818 te
1050 775 1164 819 manus

191 836 397 902 ulcisceretur
426 836 559 921 tyranni
592 838 625 900 et
653 835 783 901 deberes
848 837 954 902 eximo
987 837 1039 902 uel
1073 860 1164 903 suam

191 922 337 985 mortem.

256 1004 373 1070 XLIII.
396 1005 441 1070 nt
453 1005 549 1088 plane
569 1004 616 1069 ita
632 1007 746 1069 cuncta
767 1004 951 1070 ceciderunt
965 1008 1085 1071 utnon
1101 1028 1164 1072 ser·

192 1092 269 1154 uata
290 1090 384 1154 modo
406 1089 501 1172 ultio,
525 1088 580 1153 sed
602 1088 750 1153 ordinata
771 1089 926 1154 uideatur.
967 1111 1045 1154 narn
1066 1091 1163 1174 unde,

155 1197 180 1236 ιο
194 1195 320 1258 quaeso,
344 1175 412 1238 tam
434 1173 603 1257 repentina
627 1173 792 1238 conuersis
814 1176 850 1237 ut
872 1174 926 1259 qui
948 1178 1105 1258 oppetere
1126 1177 1164 1239 ti·

192 1260 316 1323 muerat
338 1259 505 1322 interitum
531 1278 599 1322 non
621 1258 750 1323 timeret
771 1280 810 1323 ex
834 1261 920 1323 etere
942 1261 975 1323 et
996 1280 1096 1343 quem
1118 1261 1166 1324 in·

194 1342 331 1406 cluserat
358 1345 463 1406 metus
483 1341 645 1424 proferret
672 1280 833 1407 audaciai
874 1341 952 1407 hinc
979 1343 1072 1407 nulla
1101 1344 1165 1408 iam

192 1425 316 1510 reliqua
342 1425 535 1490 festinandis
563 1425 658 1490 rebus
686 1448 792 1491 mora:
831 1429 975 1492 actutum
996 1428 1166 1493 fortissimi

194 1509 289 1574 duces
315 1510 504 1575 instruendo
532 1511 747 1595 accinguntur
768 1510 946 1594 triumpho,
976 1511 1075 1594 capiti
1099 1512 1165 1576 dia·

156 1617 182 1659 rs
195 1595 287 1660 derna
319 1595 493 1678 decutitur,
529 1594 669 1659 humeris
701 1595 800 1660 uestis
831 1595 989 1678 aufertur,
1027 1596 1164 1679 pedibus

195 1688 326 1745 ornatus
361 1680 523 1763 euellitur,
560 1682 649 1744 totus
677 1678 750 1744 deni
772 1700 812 1743 ue
840 1680 935 1743 homo
964 1682 1097 1763 aptatur
1126 1679 1165 1744 ad

194 1765 354 1829 meritum.
380 1765 509 1849 publice
530 1763 675 1848 publicus
698 1701 850 1848 spoiiatcr
872 1763 1008 1847 exuitur,
1031 1766 1165 1829 nectun-

195 1851 248 1912 tur
274 1871 389 1913 manus
417 1869 562 1933 rapaces,
595 1848 757 1914 nudantur
785 1869 877 1912 crura
898 1847 1055 1932 fugitiua,
1089 1847 1165 1913 talis

195 1932 330 2015 denique
358 1933 422 1997 tuis
452 1933 583 1997 offertur
611 1933 711 1997 oculis
741 1933 866 2017 qualem
894 1932 1002 1996 offerri
1030 1932 1165 1998 decebat

156 2038 182 2078 ac
195 2016 309 2079 uictori
325 2037 361 2079 ca
385 2020 463 2099 tum,
480 2016 609 2081 domino
624 2038 759 2101 seruum,
778 2016 964 2100 imperatori
978 2020 1165 2099 tyrannum.

194 2121 255 2164 nec
275 2102 312 2164 tu
333 2039 433 2184 iliirm,
456 2122 518 2185 qua
539 2122 573 2164 es
589 2100 768 2184 clementia,
790 2101 827 2164 in
849 2121 926 2165 cons
951 2103 1059 2165 ectum
1074 2104 1166 2166 tuum

194 2184 304 2249 uenire
333 2185 503 2264 uoluisses,
536 2207 576 2249 ne
599 2184 706 2250 oculos
728 2185 808 2249 istos
836 2123 984 2248 omnibus
1008 2184 1165 2249 salutares

195 2269 290 2334 homo
312 2270 456 2334 funebris
478 2269 637 2354 impiaret,
659 2271 723 2334 nisi
743 2270 865 2334 famam
887 2268 1055 2334 confutare
1078 2289 1165 2332 men-

197 2352 281 2418 dacii
307 2357 402 2439 teque
430 2375 568 2440 purgare
602 2353 713 2419 ecdem
740 2357 823 2418 teste
854 2373 915 2450 quo
945 2352 1165 2417 insimulatore

157 2459 183 2500 25
196 2437 362 2504 uoluisses.
394 2438 491 2504 habet
512 2440 642 2521 ultores,
664 2437 765 2503 habet
785 2454 893 2503 nescio
915 2457 996 2520 quos
1018 2437 1166 2502 internos

196 2544 287 2587 mens
309 2524 464 2588 scelerata
487 2523 652 2588 carnifices
675 2525 731 2586 aut
752 2522 822 2605 ipsa
840 2522 901 2586 sibi
924 2521 1070 2586 carnifex
1094 2542 1166 2586 ecn-

197 2608 331 2671 scientia
359 2610 408 2672 est
436 2609 506 2692 aut,
534 2607 617 2691 quod
640 2607 743 2692 magis
766 2608 859 2672 credo
866 2654 875 2689 ,
906 2605 996 2670 omni
1024 2605 1166 2669 seuerius

197 2693 247 2753 est
273 2692 460 2773 quaestione
490 2713 508 2755 a
534 2695 567 2756 te
595 2691 797 2776 interrogari.
842 2689 882 2755 ad
910 2689 1048 2773 primam
1078 2691 1166 2754 tuam

197 2792 308 2837 uocem
345 2775 467 2838 nefario
499 2775 622 2858 pectori
659 2796 792 2840 excussa
828 2773 987 2839 confessio
1021 2775 1073 2837 est
1109 2791 1166 2837 neo

158 2881 184 2921 eo
199 2858 343 2923 cunctari
365 2858 478 2922 saltem
506 2861 561 2922 aut
582 2860 749 2924 mussitare
772 2860 878 2943 potuit
899 2858 976 2942 quin
999 2857 1166 2923 consilium

198 2964 292 3007 omne
321 2942 471 3027 nudaret,
507 2964 541 3007 se
572 2943 722 3008 uidelicet
751 2943 872 3008 fauoris
901 2942 950 3007 tui
983 2940 1165 3007 obtendisse

266 3187 282 3232 2
300 3184 377 3234 illum
397 3189 576 3248 sanctumque
595 3184 671 3236 Bari.
695 3180 705 3247 ΙΙ
730 3187 746 3234 3
765 3198 799 3233 ne
818 3182 908 3233 cultus
927 3195 965 3230 w:
983 3195 1036 3230 nec
1053 3178 1166 3230 ultus&

198 3266 251 3301 nec
267 3251 361 3303 uultus
378 3249 508 3315 Bevus:
527 3267 609 3315 purus
626 3253 734 3316 scripsi:
753 3251 863 3300 futurus
878 3251 906 3298 Η
918 3246 928 3313 ΙΙ
942 3250 973 3298 ll
992 3244 1031 3313 et]
1051 3251 1083 3297 ut
1094 3246 1165 3297 Bert.

197 3314 208 3383 {t
227 3319 258 3368 12
276 3317 322 3368 hic
340 3320 375 3381 1,
393 3321 500 3370 correxi
520 3316 529 3383 d
555 3322 587 3370 15
604 3318 747 3369 deducitur
764 3320 797 3365 W
818 3315 828 3381 q
854 3318 885 3367 18
902 3315 1024 3380 fugitiuo
1042 3315 1082 3373 Ι,
1101 3328 1165 3365 corr.

199 3387 334 3437 Acidaliae
346 3384 356 3451 il
370 3389 401 3438 19
421 3384 636 3451 dicebatdn22
654 3401 690 3436 ne
702 3386 737 3434 A:
756 3380 1007 3447 necBGVWllit
1026 3378 1166 3432 funeris!

198 3448 208 3515 Η
225 3454 260 3502 25
275 3451 380 3504 ultores
398 3454 555 3519 Scieffcrua
573 3470 636 3520 epo:
653 3457 730 3503 utres
747 3455 771 3503 Δ
788 3456 865 3502 utros
881 3450 968 3499 ΒΗ
984 3464 1051 3499 uero
1069 3462 1096 3497 w
1110 3448 1115 3515 Ι
1129 3449 1166 3498 in·

200 3519 334 3569 tameat
361 3518 371 3585 [t
399 3523 432 3570 2⁷
450 3527 497 3573 cut
515 3520 586 3586 quod
603 3553 637 3562 —
654 3523 687 3571 29
708 3518 845 3572 confessio
864 3523 908 3570 est
924 3518 1008 3569 cmc
1035 3513 1046 3581 [Ι
1076 3518 1110 3568 28
1128 3516 1167 3567 eet

201 3587 365 3649 quaestione
383 3588 472 3638 Bert:
496 3589 657 3653 quaestione
677 3592 720 3638 est
738 3590 766 3635 n
788 3585 799 3651 ss
822 3588 856 3638 30
873 3585 1005 3636 mutitare
1023 3584 1044 3633 B
1064 3584 1082 3632 0
1099 3584 1123 3633 V
1138 3580 1168 3631 W
