2406 4012
181 243 246 308 324
398 243 575 294 annuunt
591 243 665 294 uau
686 240 931 293 coaucuubs.

251 413 278 463 p.
294 400 352 457 108,
372 398 404 448 10
422 394 527 446 latetne
546 396 576 445 in
594 400 639 446 ‘ne
659 399 793 461 uterque’,
812 393 883 460 quod
895 395 917 442 Δ
929 393 1023 454 habet,
1043 397 1154 444 ‘neuter

203 466 231 516 ui
272 467 317 516 e’?

184 481 201 530 q
233 481 279 598 βξ,
299 534 356 595 143,
374 533 407 582 31
425 531 564 594 Hauptius
582 532 712 597 proponit
730 531 805 581 ‘olim
824 529 898 579 culta
915 533 993 579 uaste
1013 532 1060 579 et'.

252 617 277 665 p.
297 602 358 661 148,
378 601 394 650 8
412 613 471 663 sqq.
490 598 584 650 uerbis
603 599 685 662 ‘dixi‚
708 595 811 648 Caesar
828 598 943 657 inuicta,
967 612 1052 662 propa
1071 597 1152 662 plura

184 683 265 733 quam
277 669 363 732 potui,
380 666 429 717 aad
441 665 575 731 pauciora
588 682 669 731 quam
682 665 775 717 debui’
788 670 863 716 rocta
877 665 998 715 offensus
1010 665 1153 729 Hauptius

185 735 305 786 coniecit
323 734 517 800 ‘pluraquam
535 733 617 784 debui
639 733 688 785 sed
705 734 834 799 pauciora
856 747 936 797 quam
955 733 1047 796 potui'
1066 733 1152 782 nimis

184 803 307 854 uiolento
328 800 458 854 remedio.
493 800 605 852 emendo
624 801 721 866 ‘plura
740 816 820 866 quam
837 800 926 861 uolui,
951 799 999 850 sed
1017 800 1153 864 pauciora

186 886 267 936 quam
285 869 389 921 debui’.

250 954 277 1003 p.
297 939 358 1002 161,
377 939 394 988 5
415 935 557 1003 Hauptius
580 936 738 987 emcndauit
760 940 795 986 ‘a
817 935 903 1000 primo
925 934 1010 999 igitur
1033 935 1152 998 originis

185 1010 250 1056 tuae
268 1003 382 1056 limino'.

251 1090 276 1138 p.
295 1075 359 1136 172,
377 1076 410 1124 30
432 1072 549 1123 fortasse
575 1087 609 1123 cx
632 1072 768 1137 scriptura
789 1070 856 1121 libri
873 1071 895 1118 Δ
914 1071 972 1134 ‘qui
991 1086 1015 1119 e.
1034 1074 1075 1120 te’
1101 1070 1153 1119 eli-

184 1141 312 1191 ciendum
330 1144 373 1191 ost
390 1141 483 1205 ‘quina
501 1144 550 1196 to’,

251 1225 277 1273 p.
299 1211 356 1272 182,
374 1210 409 1259 24
425 1209 528 1259 rectius
546 1208 765 1273 interpungitur,
783 1212 813 1257 ut
832 1206 972 1270 Hauptius
991 1205 1076 1268 uidit,
1095 1208 1152 1255 ita:

185 1275 261 1327 dicct
279 1276 382 1340 aliquis
400 1280 507 1326 ‘uetera
524 1276 604 1338 ista’;
623 1280 700 1336 sunt,
720 1280 747 1325 et
765 1273 874 1338 quidem
894 1287 950 1337 oqs.

250 1360 276 1408 p.
301 1344 362 1405 188,
386 1344 420 1392 24
442 1343 583 1407 Hauptius
606 1343 750 1407 proposuit
774 1347 835 1391 ‘uer
858 1340 946 1403 elicit,
970 1356 1031 1391 rore
1055 1348 1152 1391 aestas

184 1410 301 1474 solidat,
323 1409 416 1460 calore
434 1414 563 1460 maturat’
582 1425 638 1460 non
655 1416 732 1459 recto
749 1409 798 1460 illo
817 1414 877 1459 ‘uer
895 1406 979 1458 elicit’
1002 1414 1060 1459 tam
1078 1409 1153 1458 nude

183 1479 283 1544 posito.
316 1492 404 1529 mcum
422 1493 477 1528 non
494 1482 576 1528 muto.

251 1563 277 1611 p.
297 1549 360 1609 204,
380 1548 395 1596 7
413 1545 519 1596 conieci
538 1543 584 1596 ‘ad
602 1550 650 1596 tua
667 1543 772 1596 uexilla
789 1544 945 1598 transisse’.

250 1631 276 1679 p.
299 1616 363 1677 232,
386 1615 419 1664 26
444 1613 584 1679 Hauptius
613 1614 750 1663 ‘aeternis
775 1611 866 1662 titulis
893 1612 1151 1677 monumentisque’

184 1687 292 1747 praetor
309 1681 505 1733 necessitatem
522 1682 648 1732 mutauit.

252 1764 278 1814 p.
298 1751 356 1807 269,
375 1751 408 1800 23
425 1749 495 1799 idam
514 1748 604 1799 ‘decet
621 1749 768 1799 recordari’
787 1746 899 1798 mauult.
924 1747 1039 1797 ‘taedet'
1059 1763 1152 1796 meum

184 1820 272 1869 teneo,
738 1825 742 1833 ·

230 1884 233 1888 ’
251 1900 277 1949 p.
295 1887 360 1947 294,
379 1886 411 1935 26
434 1883 506 1934 idom
523 1887 631 1933 ‘aurum
648 1887 832 1934 matronarum
850 1882 963 1933 auribus
983 1887 1151 1933 extractum’

185 1952 313 2001 correxit.
347 1951 398 2001 sed
415 1966 471 2001 non
488 1949 576 2000 solum
593 1951 628 2002 ds
646 1952 804 2012 inauribus,
832 1949 982 2002 sedetiam
1000 1949 1153 1999 monilibus

186 2023 213 2068 ot
232 2017 347 2068 armillis
364 2022 393 2068 st
411 2032 598 2083 quaecumque
618 2033 703 2069 auroa
716 2019 864 2085 gestabant
880 2017 1008 2068 mulieres
1026 2019 1153 2082 cogitan-

184 2085 248 2135 dum
266 2088 318 2134 est.
337 2111 369 2120 -—
391 2083 424 2135 de
443 2085 581 2148 ‘artibus’‚
600 2085 673 2150 quod
691 2091 782 2150 teneo,
802 2087 838 2137 cf.
855 2087 969 2148 Neuius,
989 2085 1038 2135 lat.
1059 2087 1153 2135 Form.

184 2155 277 2287 13⁷3.
295 2223 353 2284 312,
372 2223 403 2272 13
421 2221 593 2286 ‘genuinam’
612 2221 753 2287 Hauptius
772 2236 878 2287 quoquo
898 2220 1062 2272 emendauit.
