2406 4012
264 218 477 271 nanniano
495 218 667 270 AUGUSTO
686 222 720 271 D.
749 222 822 275 1-3.
987 218 1028 283 91

10 372 14 385 '
100 370 192 436 neris
213 369 262 434 tui
283 368 443 455 originem
464 369 647 453 recensebo,
672 390 766 452 quam
788 372 824 433 tu
845 391 913 434 non
934 369 1028 435 modo

72 455 157 521 actis
178 453 425 537 immortalibus,
454 453 510 518 sed
538 454 634 518 etiam
663 454 803 518 nominis
827 454 1028 519 successione

52 538 212 639 testaris?
241 560 284 636 an
317 539 579 636 quemadmodum
595 537 765 636 ‘educatus
798 539 1027 636 institutusque

55 622 343 795 1131ἒὲ1111,
374 623 1053 773 11111111111111111111

57 797 92 859 ot
111 814 274 859 armorum
293 793 419 857 sonitus
439 791 504 855 tuis
524 791 687 877 uagitibus
702 792 943 876 obstrepentes?
967 794 1026 857 fin·

17 884 20 890 '
51 880 183 964 guntur
196 876 275 943 haec
290 877 329 942 de
343 876 430 958 leue,
452 875 508 940 sed
524 875 562 940 de
584 880 616 940 te
637 896 714 940 uera
735 880 820 959 sunt,
842 878 1026 960 imperator.

55 984 103 1027 an
117 966 191 1027 tuas
204 983 256 1027 res
270 964 379 1047 gestas
398 981 583 1024 enumerare
605 961 756 1043 conabor,
779 981 860 1044 quae
875 966 908 1025 te
923 962 1027 1044 prima

10 1103 12 1109 .
58 1046 155 1132 signa
177 1045 392 1130 imperatoriis
422 1045 573 1129 auspiciis
600 1045 836 1129 inaugurarint‚
865 1066 946 1128 quae
975 1066 1026 1108 ea·

57 1134 127 1197 stra
148 1130 314 1195 dominum
339 1128 490 1194 habitura
516 1130 731 1213 susceperint,
761 1151 841 1214 quae
870 1128 954 1193 bella
974 1128 1026 1193 de·
1040 1148 1065 1191 ro

57 1214 219 1298 duxerint,
234 1236 315 1298 quae
329 1215 485 1279 uictoriae
500 1214 669 1278 auxerint?
692 1215 745 1278 ibo
761 1214 883 1280 scilieet
897 1213 1025 1278 uirtutis

51 1302 134 1365 tuae
156 1298 302 1383 uestigiis
331 1298 521 1384 colligendis
549 1320 607 1383 per
633 1303 736 1363 totum
757 1298 861 1364 Histri
889 1299 1025 1364 limitem

56 1403 179 1468 perque
205 1403 333 1448 omnem
361 1405 424 1467 qua
454 1383 559 1448 tendit
587 1383 754 1449 Eufratem
782 1388 814 1448 et
839 1384 925 1468 ripas
953 1406 1023 1467 per·

56 1468 182 1555 egrabo
209 1466 315 1533 Rheni
338 1471 371 1532 et
392 1468 467 1533 litus
489 1468 625 1533 oceani?
663 1468 718 1532 sed
741 1470 795 1553 qui
817 1469 895 1533 uelit
917 1469 1025 1532 omnia

59 1554 125 1617 ista
147 1553 327 1637 complecti,
349 1552 476 1617 saecula
495 1553 557 1618 sibi
576 1555 686 1636 optare
708 1552 803 1617 debet
824 1555 857 1616 et
877 1552 1063 1616 innume-15

56 1636 176 1703 rabiles
198 1658 301 1702 annos
323 1640 356 1702 et
377 1640 529 1736 quantam
550 1641 587 1702 tu
608 1637 740 1701 mereris
763 1638 910 1700 aetatem.

112 1719 174 1788 111.
197 1720 328 1788 Faciam
348 1722 449 1807 igitur
469 1722 657 1806 compendio
678 1720 832 1785 orationis
849 1740 947 1802 meae,
969 1719 1024 1783 sed

57 1806 176 1871 damno
198 1807 384 1890 uoluntatis,
412 1806 497 1889 quod
524 1805 598 1870 huic
627 1805 765 1889 tempori
791 1803 928 1869 maxime
951 1825 1024 1869 con-

57 1892 163 1977 gruit:
183 1892 333 1956 omittam
356 1895 461 1956 cetera
484 1895 516 1955 et
537 1891 739 1975 potissimum
767 1889 846 1955 illud
873 1890 1025 1973 arripiam

54 1975 142 2059 quod
170 1975 279 2040 multis
306 1976 443 2041 fortasse
465 1977 581 2041 mirum
609 1975 771 2039 uidebitur
799 1977 832 2039 et
858 1977 967 2039 tamen
989 1996 1022 2039 re
1036 1995 1062 2033 a)

54 2060 128 2145 ipsa
151 2060 349 2125 uerissimum
373 2063 437 2125 est:
465 2063 512 2144 te,
540 2082 611 2125 cum
634 2060 675 2124 ad
696 2060 927 2124 restituendam
954 2081 1023 2124 rem

56 2144 221 2243 publicam
248 2167 267 2210 a
296 2149 434 2230 cognato
460 2145 520 2208 tibi
548 2144 742 2209 Diocletiani
768 2144 898 2209 numine
926 2143 1024 2208 fueris

56 2231 241 2312 musonius,
276 2230 348 2313 plus
379 2230 528 2295 tribuisse
556 2229 703 2294 beneficii
731 2250 825 2312 quam
853 2228 1023 2310 acceperis.

55 2334 162 2397 neque
184 2315 271 2378 enim
293 2315 397 2399 specie
419 2319 512 2379 tenus
534 2335 572 2377 ao
593 2315 723 2377 nomine
745 2314 876 2376 fortuna
896 2311 1024 2394 imperii

52 2396 290 2464 consideranda
311 2404 368 2464 est.
399 2400 530 2463 trabeae
551 2400 675 2461 uestrae
693 2395 902 2479 triumphales
925 2398 957 2459 et
977 2393 1023 2458 fa·
1037 2414 1063 2455 as

55 2504 127 2547 scos
143 2484 323 2548 consulares
339 2487 372 2548 et
385 2484 482 2548 sellae
503 2481 628 2546 curules
649 2484 681 2545 et
701 2480 780 2544 haec
801 2479 1024 2562 obsequiorum

52 2568 190 2651 stipatio
212 2572 245 2632 et
265 2568 375 2653 fulgor
397 2571 429 2633 ct
450 2567 507 2632 illa
527 2567 582 2629 lux
603 2565 748 2630 diuinum
768 2563 922 2628 uerticem
937 2562 1023 2628 claro

55 2652 135 2715 orbe
165 2652 379 2737 complectens
407 2654 586 2717 uestrorum
612 2653 687 2715 sunt
716 2652 905 2714 ornamenta
931 2651 1025 2713 meri-

53 2738 165 2801 torum
178 2736 392 2821 pulcherrima
407 2737 535 2820 quidem
550 2738 583 2800 et
598 2735 834 2821 augustissima,
857 2735 912 2799 sed
927 2734 1024 2820 longe

55 2820 115 2885 illa
136 2822 257 2887 maiora
276 2825 353 2886 sunt
372 2842 453 2906 quae
472 2825 509 2885 tu
529 2821 695 2905 impartito
715 2820 776 2883 tibi
797 2820 930 2902 imperio
952 2821 1022 2884 uice
1036 2839 1062 2879 ao

54 2905 183 2989 gratiae
210 2906 363 2971 retulisti:
397 2906 564 2970 admittere
594 2906 628 2969 in
662 2906 804 2970 animum
834 2906 946 2968 tantae
980 2906 1024 2968 rei

126 3075 204 3127 4illa
216 3078 240 3127 A
251 3079 284 3127 W
296 3079 385 3130 Bere:
404 3078 434 3127 iu
449 3077 596 3128 illusor
616 3075 626 3143 11
647 3075 844 3128 Senumerabo
859 3074 901 3139 ΔΙΙ
914 3076 929 3123 9
940 3074 1024 3138 impe·

56 3144 205 3195 ratoriisA
221 3146 241 3193 11
261 3148 291 3195 c:
318 3147 493 3210 imperatoris
508 3146 529 3193 V
542 3145 574 3194 W
592 3141 596 3211 Ι
610 3143 814 3206 insuguriarint
832 3143 869 3203 1,
888 3157 956 3191 corr.
974 3153 999 3188 w
1018 3140 1022 3205 1

56 3222 130 3274 quac
150 3216 178 3262 te
197 3218 293 3265 castra
307 3215 325 3262 0
348 3211 360 3281 [Ι
384 3215 415 3264 10
427 3212 588 3263 habitatura
599 3213 633 3261 W
653 3211 658 3273 Ι
678 3210 836 3260 diduxerint
848 3212 870 3258 A
883 3208 958 3261 Bere.
970 3204 979 3272 11
993 3209 1024 3256 12

56 3277 108 3333 uir,
128 3282 193 3331 tuae
210 3286 281 3334 uest.
302 3282 366 3335 coll.
383 3283 405 3329 A
424 3282 446 3328 V
463 3281 509 3330 W:
530 3280 582 3333 uir.
600 3285 666 3329 tuae
684 3277 746 3329 coll.
764 3282 828 3327 uest
844 3277 863 3324 11
881 3280 952 3325 uest.
972 3275 1023 3325 uir.

56 3348 125 3397 tuas
144 3346 209 3402 coll.
226 3350 245 3397 11
268 3347 279 3415 [l
304 3352 335 3400 13
353 3363 432 3399 omne
450 3350 472 3396 A
490 3349 507 3396 11
522 3346 527 3413 Ι
543 3348 670 3398 eufraten
681 3346 705 3395 A
722 3346 770 3394 Vr
787 3342 797 3410 ΙΙ
820 3345 852 3395 15
872 3344 926 3392 ista
944 3343 1024 3393 0ch

57 3409 133 3463 Bm.
155 3412 166 3479 ΙΙ
189 3418 221 3467 17
238 3416 400 3481 compendio
418 3416 527 3481 quidem
544 3415 620 3475 Cosp.
637 3416 696 3465 edd.
720 3410 731 3478 ΙΙ
761 3415 792 3464 18
809 3410 934 3477 quidue
958 3408 968 3476 ΙΙ
993 3413 1024 3462 19

56 3484 89 3529 ut
105 3486 163 3547 pot.
180 3482 213 3531 W
240 3480 251 3549 Ι]
279 3486 312 3534 20
330 3499 359 3534 re
377 3500 423 3537 om.
441 3485 464 3531 A
493 3480 503 3548 fl
537 3484 571 3531 24
593 3482 680 3547 septis
703 3485 781 3531 tenus
800 3495 834 3530 ac
851 3480 968 3529 tremine
985 3482 1026 3529 uel

56 3550 204 3600 terminet)
226 3549 237 3617 Ι]
258 3554 291 3603 27
310 3552 404 3617 fulgur
421 3564 446 3599 w
466 3547 476 3615 ΙΙ
497 3551 530 3601 30
548 3553 609 3601 uice
629 3550 722 3615 gratia
740 3549 772 3597 W
789 3550 852 3598 uice
871 3551 953 3613 grata
971 3562 988 3613 ς
