2406 4012
197 192 239 257 28
519 196 540 245 1.
578 195 608 244 C.
627 194 742 246 PLINII
761 193 840 245 Pru.

197 344 318 409 tatibus
352 345 419 407 eius
451 344 627 427 pudorique
659 343 853 407 subuentum
885 346 945 407 est.
997 345 1170 429 stupebant·

199 428 358 512 agricolae
385 428 481 511 plena
509 426 624 490 horrea
654 449 734 510 quae
762 448 829 491 non
859 427 922 511 ipsi
951 429 1162 513 refersissent,

199 513 313 595 quibus
347 512 385 574 de
420 512 541 593 campis
574 511 630 574 illa
663 511 816 575 subnecte
846 512 961 575 messis
998 535 1105 597 queue
1133 516 1163 579 in

199 597 341 679 Aegypti
374 599 464 678 parte
498 595 578 658 alius
607 596 719 659 amnis.
763 596 811 659 ita
838 596 994 661 beneficio
1021 601 1084 663 tuo
1110 620 1163 663 nee

173 699 185 737 5
199 679 342 762 maligna
356 679 451 743 tellus
468 682 500 743 et
514 679 692 762 obsequens
701 677 811 744 Nilus:
833 683 862 744 is
872 682 1026 764 Aegypto
1042 684 1162 767 quidem

199 763 394 912 millii
417 764 551 923 g'tltt
566 766 1174 932 ttttttmtttnttttttt'

198 933 294 996 fidem
315 936 459 996 nostram
482 933 702 1015 dicionemque
726 935 866 1014 uenisse,
894 937 1069 1018 postquam
1097 958 1162 1001 con·

198 1018 274 1102 tigit
296 1018 445 1101 princeps
475 1019 529 1101 qui
556 1021 713 1081 terrarum
735 1016 967 1081 fecunditatem
995 1041 1086 1084 nunc
1106 1020 1161 1085 hue

161 1121 186 1158 10
200 1123 287 1166 nunc
309 1103 399 1182 illuc,
422 1106 459 1165 ut
480 1111 607 1185 tempus
629 1104 661 1164 et
683 1102 857 1165 necessitas
879 1106 1045 1185 posceret,
1067 1108 1161 1169 trane

198 1185 299 1248 ferret
326 1185 536 1268 referretque,
567 1187 620 1268 qui
649 1185 838 1269 diremptam
866 1189 948 1249 mari
972 1192 1108 1271 gentem
1130 1192 1164 1253 ut

199 1272 323 1352 partem
346 1269 485 1351 aliquem
507 1270 617 1353 populi
638 1269 804 1353 plebisque
821 1269 986 1335 Romanae
1008 1272 1111 1337 aleret
1129 1294 1161 1337 ac

199 1355 355 1416 tueretur!
379 1359 411 1416 ct
431 1352 516 1417 caelo
532 1354 659 1437 quidem
681 1376 856 1437 numquam
871 1354 1060 1439 benignitas
1078 1360 1162 1423 tants

198 1442 235 1501 ut
257 1459 368 1501 omnes
391 1438 485 1501 simul
506 1442 609 1502 terras
631 1438 757 1503 ubertet
778 1439 965 1523 foueatqne:
992 1441 1047 1505 hic
1069 1441 1162 1507 omni-

161 1538 185 1577 15
199 1523 259 1586 bus
281 1522 415 1604 pariter,
439 1524 556 1586 sinon
579 1523 796 1605 sterilitatem,
825 1527 859 1587 at
881 1524 965 1589 mala
987 1526 1163 1591 sterilitatis

200 1606 363 1672 exturbat:
400 1607 467 1689 hic,
491 1608 518 1672 si
539 1629 606 1672 non
629 1607 873 1691 fecunditatem,
897 1612 931 1673 at
952 1609 1037 1675 bona
1058 1611 1161 1677 fecnrr-
1184 1660 1187 1665 -

199 1692 310 1756 ditatis
331 1694 501 1775 importat:
532 1692 585 1756 hic
608 1692 740 1756 alternis
763 1693 993 1758 commeatibus
1010 1694 1163 1761 orientem

199 1777 458 1860 occidentemque
491 1778 646 1858 conectit,
684 1780 736 1859 ut,
778 1799 858 1860 quae
887 1778 997 1842 ferunt
1024 1801 1162 1865 quaeque

200 1864 371 1943 exportant
398 1883 488 1943 orae,
522 1862 661 1924 inuicem
689 1862 818 1944 capiant
843 1866 957 1947 gentes
981 1862 1163 1947 discantque

162 1960 187 1996 ²0
200 1947 319 2026 quanto
335 1945 477 2008 libertati
492 1946 629 2009 discordi
651 1946 864 2010 seruientibus
880 1947 923 2011 sit
936 1947 1048 2012 utilius
1070 1971 1162 2015 unum

201 2050 269 2091 esse
302 2030 351 2092 cui
385 2029 537 2094 seruiant
586 2030 704 2114 quippe
736 2031 881 2094 discretis
914 2032 1044 2115 quidem
1077 2033 1163 2099 bonis

199 2113 342 2176 omnium
376 2134 432 2177 sua
467 2115 616 2198 cuiusque
650 2116 693 2184 ad,
720 2114 864 2199 singulos
893 2117 996 2201 mala3
1039 2118 1164 2183 sociatis

200 2202 306 2262 autem
324 2200 419 2282 atque
434 2199 600 2282 permixtis
623 2198 823 2283 singulorum
837 2201 922 2265 mala
938 2202 979 2265 ad
993 2204 1154 2269 neminem

1155 2252 1162 2285 l

201 2284 240 2346 ad
263 2305 373 2346 omnes
403 2284 547 2348 omnium
568 2284 653 2348 bona
674 2284 847 2367 pertinent.
893 2286 949 2349 sed
976 2287 1045 2353 siue
1075 2288 1164 2353 terris
1194 2262 1197 2357 i

160 2381 185 2421 25
200 2368 351 2433 diuinitas
379 2369 537 2454 quaedam
565 2369 632 2433 siue
661 2369 777 2452 aliquis
805 2370 953 2435 amnibus
975 2372 1110 2457 gemine,
1136 2376 1166 2437 et
1195 2368 1197 2415 3

199 2454 302 2517 solum
325 2453 403 2518 illud
426 2457 459 2518 et
478 2454 597 2517 flumen
618 2455 723 2537 ipsum
745 2474 859 2535 precor
880 2458 917 2518 nt
934 2454 995 2519 hac
1010 2457 1164 2543 principis

198 2538 399 2621 benignitate
428 2542 613 2602 contentum
641 2538 731 2602 molli
755 2539 876 2622 gremio
904 2540 1029 2604 semina
1057 2563 1164 2607 recon-

200 2621 268 2701 dat,
294 2622 510 2703 multiplicata
530 2623 688 2686 restituat.
732 2644 799 2687 non
821 2623 948 2707 quidem
970 2627 1166 2708 reposcimus

198 2703 308 2768 fenus:
326 2708 419 2786 putet
434 2708 540 2768 tamen
558 2727 626 2769 esse
642 2708 830 2773 soluendum
845 2707 1059 2793 fallacemque
1074 2711 1166 2775 unius

265 2980 282 3026 4
299 2977 387 3028 amnis
405 2978 437 3026 W
454 2992 481 3027 r:
501 2994 588 3028 annus
606 2981 692 3030 ch
703 2997 722 3030 ιι
741 2980 835 3044 (sedin
852 2996 870 3030 u
882 2997 949 3032 corr.
970 2997 1007 3031 ea·
1025 2983 1137 3045 omnus)
1154 2981 1166 3050 ΙΙ

199 3046 215 3093 5
226 3041 250 3093 is
261 3048 350 3096 addidi
362 3044 372 3110 lt
385 3048 400 3096 7
411 3043 504 3113 qnam]
517 3048 671 3110 quoniame
683 3047 693 3113 l}
706 3051 721 3098 9
734 3054 865 3099 terrarum
879 3051 953 3113 quic
965 3047 976 3114 ΙΙ
989 3051 1020 3097 11
1031 3051 1168 3116 direptam

198 3114 233 3174 Η,
248 3129 315 3163 corr.
330 3129 345 3178 ς
359 3112 368 3178 ΙΙ
383 3116 414 3164 13
426 3111 464 3179 et]
480 3129 494 3163 e
508 3114 540 3162 W
552 3113 562 3179 ΙΙ
576 3117 607 3164 14
618 3116 714 3165 uberet
725 3120 760 3179 Η,
778 3133 845 3168 corr.
860 3131 876 3181 ‹,·
889 3114 899 3182 ΙΙ
913 3119 944 3167 15
957 3122 986 3166 et
999 3119 1071 3169 (Νι
1085 3125 1168 3185 atque

198 3179 320 3245 11111116
337 3179 379 3247 at]
401 3181 448 3231 sed
467 3193 492 3228 w
504 3178 513 3245 ΙΙ
529 3185 557 3231 17
577 3181 691 3235 alternis
711 3186 829 3248 Lipsius:
848 3185 965 3235 aeternis
982 3186 1010 3234 x
1048 3186 1081 3236 18
1101 3202 1169 3251 qnae

199 3247 289 3296 ferunt
308 3263 429 3313 quaeque
446 3253 576 3312 expetunt
595 3265 658 3314 opes
678 3256 776 3314 gentes
794 3252 899 3302 discant
917 3253 1037 3303 inuicem
1055 3256 1171 3321 capiant

198 3316 235 3375 Η,
248 3331 294 3378 epo
307 3318 421 3367 correaei.
441 3330 512 3379 quae
526 3325 652 3368 seruntur
666 3321 714 3381 (ita
723 3319 865 3381 Liuineius)
878 3334 1003 3385 quaeque
1014 3326 1171 3373 emetuntnr

199 3396 291 3431 omnes
310 3384 357 3444 (ita
376 3384 459 3446 uulgo)
478 3383 594 3435 inuicem
612 3387 722 3451 capiant
739 3392 837 3451 gentes
856 3388 1019 3453 discantque
1037 3391 1171 3456 Hauprier

199 3452 216 3498 l.
235 3450 251 3496 1.
268 3465 295 3512 p.
314 3449 416 3516 281120
435 3451 563 3502 libertate
581 3456 617 3514 Η,
636 3470 705 3506 corr.
724 3455 851 3505 Gesnerus
864 3453 917 3520 1121
938 3470 996 3507 esse
1014 3472 1102 3511 unum
1120 3460 1138 3508 (t
1157 3454 1169 3523 ΙΙ

199 3517 232 3564 24
250 3517 368 3568 omnium
387 3518 532 3570 Liuineius:
552 3521 642 3570 omnia
659 3521 694 3570 Μ.
