2406 4012
191 230 256 293 242
519 230 554 282 X.
584 229 732 280 razamr
749 230 830 283 aaa.

193 402 280 445 nuno
301 379 521 445 nobilissimus
543 378 664 443 Caesar
685 379 860 443 uenerandi
882 380 1006 462 patris,
1032 381 1167 445 fratrum

194 487 383 548 suorumque
411 464 555 527 omnium
574 463 692 526 fruitur
720 468 850 546 aspectu
877 485 976 547 seque
996 465 1165 529 fluendum

194 551 341 614 omnibus
363 549 505 632 praebet.
551 548 648 611 cruda
675 547 778 611 adhuc
799 548 906 611 hieme
934 548 998 612 iter
1021 549 1099 633 gelu
1119 550 1164 613 in·

193 634 369 715 tractabile,
391 635 584 695 immensum
599 632 712 714 spatio,
735 632 864 695 niuibus
886 632 1046 696 infestum
1067 634 1161 698 inore

168 718 285 782 adibili
302 717 514 780 iuuenalitate
538 716 685 797 confecit,
709 719 745 779 ut
759 717 988 801 intellegamus
1006 718 1160 783 alaeritati

195 803 262 865 eius
284 801 366 864 nihil
389 822 536 884 asperum
559 802 613 883 qui
634 803 703 883 ipse
731 822 802 864 eam
825 822 922 884 quam
949 803 1059 866 asnis
1079 806 1157 885 pete

194 888 251 950 bat
271 890 337 950 tam
359 886 549 949 laboriosam
575 885 751 955 instituerit
772 885 1011 949 uolucritatem.
1193 942 1195 951 .

258 970 425 1035 XXXVII.
455 970 542 1044 Quae
558 975 658 1051 tuum,
682 970 895 1034 Constantine
912 971 1065 1051 maxime,
1086 970 1156 1034 mite
1188 970 1195 1034 l

194 1060 306 1139 peetus
328 1055 499 1119 inundauit
520 1054 707 1138 gratulatio,
735 1054 787 1118 oui
808 1058 901 1117 tanto
924 1054 1097 1119 interuallo
1115 1055 1154 1117 ui·

156 1164 182 1201 10
195 1141 268 1204 dere
290 1140 390 1203 filium
413 1139 504 1202 licuit
526 1143 558 1201 et
579 1138 687 1201 uidere
709 1137 888 1202 uictorem?
927 1140 1076 1205 narrauit
1095 1138 1153 1203 ubi·

195 1247 256 1308 que
278 1224 432 1287 exhausta
448 1222 541 1304 bella,
564 1226 597 1285 et
618 1222 679 1286 hoo
701 1223 742 1285 ad
755 1228 845 1286 tuam
861 1224 1015 1307 gratiam,
1040 1246 1102 1288 non
1120 1220 1153 1285 ad
1185 1247 1195 1345 p

196 1310 245 1373 sui
276 1309 543 1373 ostentationem:
580 1329 676 1389 quam
710 1308 804 1391 agilis
839 1308 1030 1391 excipiendo
1064 1308 1153 1389 hoste,
1190 1348 1195 1394 ,

195 1415 292 1476 quam
312 1392 475 1455 resistenti
491 1391 675 1472 uehemens
699 1414 794 1475 quam
808 1391 913 1456 facilis
928 1392 1151 1476 supplantanti.
1190 1424 1195 1461 ι

197 1478 320 1541 audiuit
350 1476 429 1540 haee
462 1477 562 1538 frater
592 1476 736 1539 intentus
771 1480 804 1539 et
830 1477 989 1560 puerilem
1025 1478 1154 1541 animum
1188 1476 1195 1505 '·'

159 1586 184 1624 15
198 1584 270 1646 spes
292 1563 378 1624 laeta
400 1564 432 1623 et
454 1560 572 1623 blanda
594 1561 713 1644 gaudia
734 1561 921 1645 titillarunt,
950 1583 1087 1645 eumque
1105 1560 1154 1625 mi·

195 1650 319 1710 raretur
341 1645 484 1728 fratrem,
507 1646 604 1708 etiam
627 1645 689 1707 sibi
706 1644 791 1708 fauit
812 1646 897 1728 quod
920 1667 959 1708 ex
981 1648 1077 1710 annis
1097 1646 1155 1709 eius
1189 1658 1193 1663 '

195 1753 290 1814 quam
313 1731 476 1813 proximus
498 1733 608 1792 tantae
635 1729 757 1812 gloriae
784 1734 868 1793 esset
890 1731 1035 1813 agnouit.
1079 1750 1155 1793 nuno

194 1820 237 1896 te,
262 1814 477 1879 Constantine
500 1814 646 1896 maxime,
668 1834 778 1877 omnes
799 1835 962 1898 rogamus
986 1836 1061 1877 oum
1076 1834 1156 1897 prae-

195 1902 318 1961 sentem
341 1898 535 1979 laudaueris,
567 1920 637 1961 cum
662 1899 725 1961 iam
753 1898 800 1961 rei
822 1897 970 1980 publicae
991 1898 1156 1983 flagitanti,

156 2001 182 2039 ao
196 2003 268 2044 oum
290 1981 392 2044 Gallis
414 1983 669 2046 desiderantibus
691 1982 817 2064 reddes,
849 1983 967 2046 iterum
989 1986 1087 2067 atque
1107 1982 1158 2045 ite·

194 2087 266 2129 rum
298 2086 429 2129 moneas
464 2070 678 2130 reuertentem
712 2069 829 2151 (neque
865 2067 952 2130 enim
979 2064 1158 2149 persuaderi

194 2151 288 2214 faoile
311 2154 432 2233 potest)
461 2154 513 2231 ut,
548 2152 575 2214 si
603 2150 729 2234 quando
758 2152 855 2213 armis
883 2152 1001 2215 uestris
1032 2156 1159 2215 contusa

196 2237 344 2300 barbaria
371 2236 490 2319 aliquid
512 2239 621 2299 tamen
647 2236 797 2317 mouerit,
824 2236 867 2298 sit
888 2235 944 2298 ille
966 2236 1094 2317 animo,
1120 2234 1159 2299 sit

196 2322 329 2385 oonsilio
352 2322 401 2384 tui
423 2321 551 2404 similis3
580 2323 738 2402 temperet
758 2319 853 2383 modo
875 2319 1044 2403 dexterae,
1068 2340 1159 2383 mana

158 2426 184 2464 as
196 2410 308 2489 pareat
335 2411 367 2469 et
395 2406 437 2470 sit
464 2405 583 2488 aliquid
612 2426 802 2487 quaesumus
834 2408 867 2467 in
897 2426 959 2553 ‹puo
987 2408 1022 2469 te
1050 2406 1159 2468 itonam

196 2492 277 2554 nolit
305 2492 434 2554 imitari.
480 2494 511 2553 le
538 2510 630 2568 uero,
659 2489 873 2553 Constantine
929 2510 1037 2571 aesar,
1065 2490 1158 2553 inore·

196 2584 338 2637 mentum
366 2576 540 2638 maximum
568 2575 644 2637 boni
671 2573 807 2656 publici,
838 2573 954 2656 quibus
982 2574 1071 2638 uotis
1099 2594 1157 2637 am·

265 2745 278 2789 1
298 2758 370 2790 nune
388 2759 435 2791 om.
453 2742 527 2792 Bere.
553 2744 558 2805 Ι
587 2745 666 2794 aerbo
685 2744 856 2810 quiquidem
874 2760 946 2794 nune
963 2772 996 2783 -
1016 2750 1033 2797 3
1052 2746 1160 2810 praebet

196 2811 222 2858 ia
236 2811 311 2870 finem
329 2810 400 2857 hrains
418 2812 510 2872 rapitis
528 2817 728 2873 transposuerim
751 2809 761 2876 ΙΙ
784 2816 800 2863 5
818 2812 1003 2863 iuuenalitate
1022 2817 1065 2863 ael
1080 2810 1158 2861 uirili-

196 2880 256 2925 tate
274 2879 384 2926 tentoni:
405 2875 575 2926 liberalitate
594 2880 622 2925 Η
639 2881 782 2930 celeritate
800 2894 824 2928 w
850 2879 854 2943 Ι
881 2880 1023 2929 alacritati
1042 2882 1102 2931 eius
1119 2878 1158 2943 (aa

195 2944 305 3010 illiust)
325 2946 470 2995 Liuineius:
492 2944 685 2997 alacritatibus
703 2950 731 2995 Η
749 2948 891 2996 alacritati
908 2961 933 2995 w
957 2945 967 3011 ΙΙ
991 2950 1007 2996 6
1026 2948 1086 3013 ipse
1104 2960 1158 2995 ean

196 3029 256 3077 epo:
274 3013 361 3077 ipsam
381 3016 409 3061 Η
425 3014 483 3077 ipse
501 3015 631 3064 Puteanus
655 3014 665 3079 ΙΙ
690 3015 918 3065 auolucritatem
935 3017 1049 3079 scripsi:
1067 3014 1158 3064 uolun-

195 3086 280 3131 tatem
296 3083 324 3128 Ι
341 3082 475 3131 institerit
493 3082 666 3146 uoluptatem
683 3084 816 3132 Liuineius
842 3081 853 3146 ll
882 3085 913 3132 10
931 3083 1034 3147 abique
1052 3083 1158 3149 Eprrer·

195 3151 316 3201 tardius:
343 3153 437 3214 atique
460 3151 488 3198 Π
517 3148 526 3213 ΙΙ
558 3153 587 3199 11
611 3156 686 3199 tuam
708 3148 842 3213 Sipoaiaa:
869 3165 945 3200 suam
967 3150 995 3197 lt
1017 3152 1063 3199 eui
1080 3150 1158 3207 Bert,

195 3218 320 3267 amictui
342 3219 423 3266 Liuia.
454 3216 463 3281 ΙΙ
495 3221 525 3266 12
544 3233 624 3281 quam
645 3216 727 3281 agilis
748 3215 800 3279 (ael
817 3214 923 3283 grauis)
941 3221 1052 3283 scripsi:
1076 3216 1159 3282 qualia

195 3288 223 3333 li
240 3301 321 3349 quam
340 3286 449 3333 ualidas
466 3286 676 3349 Eyssenhardlra·
695 3284 700 3345 Ι
718 3284 793 3334 hosti
811 3287 939 3349 Jaeperar
962 3283 973 3349 ΙΙ
1004 3288 1037 3335 13
1056 3284 1158 3350 suppli·

197 3357 266 3402 tanti
285 3353 318 3400 A:
340 3353 508 3417 supplicanti
524 3353 544 3401 B
563 3355 580 3400 G
598 3355 620 3401 V
637 3354 670 3399 W
694 3349 704 3416 ΙΙ
729 3356 761 3403 15
779 3354 929 3404 titillarunt
946 3354 979 3402 W
1009 3352 1020 3419 ΙΙ
1052 3356 1084 3403 17
1101 3364 1158 3401 nuru

195 3421 295 3468 ΛΠ
323 3418 334 3483 ΙΙ
363 3424 396 3469 ‘20
415 3419 513 3469 Galliis
532 3422 666 3471 Acidaliae
694 3419 705 3485 ΙΙ
733 3424 767 3470 '24
785 3422 880 3471 dextre
898 3422 919 3471 B
937 3422 955 3469 0
973 3422 996 3469 V
1016 3424 1021 3485 1
1042 3416 1158 3471 manua

195 3486 284 3535 Bora:
303 3488 393 3536 manui
410 3489 431 3535 B
449 3488 466 3533 o
484 3488 506 3534 V
524 3489 557 3535 W
580 3487 590 3553 ΙΙ
619 3490 652 3538 ‘25
670 3489 695 3539 si
712 3489 763 3538 tali
781 3490 846 3554 qnid
862 3492 890 3537 Η
907 3490 942 3553 (si
960 3490 1019 3540 tale
1038 3489 1103 3555 quid
1119 3484 1158 3549 W)

197 3550 201 3616 l
221 3559 248 3603 to
267 3552 375 3601 interim
394 3555 527 3604 Acidalias
