2406 4012
412 218 623 273 1011111011.
659 221 769 273 ss-sr.
1029 220 1071 285 85

10 432 13 457 ι
103 369 218 436 Neiua
231 374 268 433 ut
281 389 353 452 nor,
376 368 436 433 etsi
458 368 563 433 minus
577 372 614 433 ut
635 369 744 452 bonos,
764 391 951 453 promouere
965 370 1072 455 uellet,

105 455 184 539 quia
204 453 320 518 mutati
341 453 459 518 saeculi
475 454 603 539 signum
624 458 656 518 01
676 455 737 519 hoc
759 458 842 519 esset
869 455 953 539 quod
980 455 1073 520 flore·

105 542 181 604 rent
203 559 338 623 qucnmi
359 539 565 623 praecipuum
593 542 702 603 uotum
729 542 804 605 01110
825 539 930 605 fuerat
951 544 989 605 ut
1009 562 1073 605 me·

104 624 227 689 moriae
249 623 405 707 principis
427 623 637 688 elaberentur.

165 707 248 774 xul.
270 706 421 773 Nondum
442 707 607 773 biennium
631 709 902 791 compleueramus
917 710 952 774 in
968 708 1101 774 officior

104 792 357 858 laboriosissimo
390 796 423 857 et
454 792 610 874 maximo,
645 813 717 857 cum
750 797 787 857 tu
814 793 921 875 nobis,
955 795 1075 879 optimc

130 878 302 961 rincipum,
317 877 492 942 fortissime
508 878 745 961 imperatorum,
766 877 967 943 consulatum
982 879 1074 943 obtu-

104 900 186 1043 listi,
208 964 246 1025 ut
268 961 308 1026 ad
330 983 488 1027 summum
515 961 672 1026 honorem
697 962 803 1046 gratia
831 963 1002 1027 celeritatis
1025 984 1076 1027 ac-

108 1045 251 1111 cederet:
281 1049 406 1110 tantum
434 1047 519 1111 inter
546 1050 578 1110 10
607 1049 639 1110 01
665 1046 737 1110 11100
759 1047 922 1131 principes
943 1047 1077 1111 interest

106 1130 165 1216 qni
191 1130 355 1195 beneficiis
382 1131 447 1195 suis
482 1130 791 1197 commendationem
819 1153 858 1196 ex
886 1131 1076 1196 difficultate
1089 1151 1114 1192 10

108 1216 285 1298 captabant
312 1216 531 1300 gratioresque
563 1216 794 1301 accipientibus
826 1217 965 1282 honores
994 1217 1076 1280 arbi·

107 1299 296 1383 trabuntur,
330 1299 357 1364 01
383 1300 471 1385 prius
498 1300 571 1365 11100
606 1301 785 1386 desperatio
813 1302 848 1367 in
875 1302 1016 1366 taedium
1045 1303 1078 1365 01

107 1383 223 1448 similis
245 1384 392 1468 repulsae
414 1406 504 1449 mora
530 1386 566 1450 in
595 1389 706 1451 notam
728 1388 887 1470 quandam
909 1387 1077 1471 pudorem·

108 1490 171 1553 que
192 1469 350 1533 uertisset.
382 1469 491 1534 obstat
512 1471 704 1536 uerecundia
733 1493 795 1554 quo
817 1472 923 1534 minus
945 1492 1076 1554 percen-

107 1574 235 1618 seamus
263 1574 326 1637 quo
355 1558 525 1639 utrumque
557 1558 702 1620 nostrum
727 1554 912 1619 testimonio
939 1554 1074 1636 ornaris,
1089 1571 1114 1613 10

107 1641 147 1703 ut
168 1659 274 1702 amore
296 1639 386 1723 recti,
413 1661 521 1704 amore
543 1640 591 1704 rei
612 1639 759 1724 publicae
781 1639 894 1722 priscis
915 1638 979 1702 illis
1003 1659 1077 1702 con·

109 1722 234 1787 salibus
250 1725 446 1806 aequaueris.
477 1727 591 1789 merito
606 1744 719 1807 necne,
740 1726 886 1788 neutram
902 1724 937 1786 in
951 1726 1076 1806 partem

110 1807 279 1872 decernere
307 1809 495 1893 audeamus,
525 1810 598 1893 quia
627 1830 687 1872 nec
713 1809 764 1872 fas
793 1811 842 1873 est
869 1807 1077 1872 affirmationi

110 1894 189 1956 tuae
209 1891 365 1978 derogare
388 1898 421 1959 01
442 1915 612 1959 onerosum
640 1893 784 1958 confiteri
807 1915 883 1957 uara
905 1915 973 1958 esse
995 1914 1077 1977 quae

109 1975 151 2040 de
165 1978 267 2060 nobis,
282 1979 469 2062 praesertim
484 1986 551 2043 tam
565 1979 749 2064 magnifica,
770 1979 887 2044 dixisti.
917 1982 954 2043 tu
968 1982 1077 2043 tamen
1089 1996 1115 2037 20

108 2061 228 2146 dignus
257 2082 291 2126 cs
318 2063 373 2146 qui
402 2085 456 2127 eos
491 2064 636 2127 consules
668 2063 769 2129 facias
803 2064 842 2128 de
874 2064 988 2147 quibus
1016 2065 1078 2127 ista

132 2145 213 2211 ossis
234 2147 428 2230 praedicare.
458 2148 580 2212 tribuas
607 2149 736 2212 ueniam
772 2148 856 2232 quod
884 2151 969 2211 inter
997 2146 1077 2210 haec

107 2168 267 2295 beneficia
286 2235 345 2296 tua
364 2233 584 2317 gratissimum
605 2236 655 2297 est
673 2233 769 2297 nobis
791 2232 874 2316 quod
893 2253 952 2295 nos
967 2253 1076 2295 rursus

109 2314 252 2399 collegas
282 2337 350 2380 esse
378 2316 519 2380 uoluisti.
561 2318 608 2381 ita
635 2319 753 2381 caritas
780 2319 901 2398 mutua,
930 2316 976 2378 ita
1005 2336 1077 2378 con-

108 2419 232 2484 gruens
251 2403 345 2465 tenor
364 2401 458 2484 uitae,
481 2402 529 2465 ita
549 2422 615 2464 una
634 2401 806 2483 eademque
821 2400 905 2463 ratio
920 2399 1077 2483 propositi
1089 2415 1116 2458 ss

108 2483 310 2567 postulabat,
339 2486 428 2549 cuius
451 2507 488 2549 00
510 2485 559 2549 uis
592 2486 629 2548 ut
654 2505 778 2548 morum
807 2483 982 2548 similitudo
1004 2504 1077 2547 con-

110 2567 237 2633 cordiae
251 2571 382 2633 nostrae
396 2570 534 2654 gloriam
554 2569 679 2634 minuat
693 2591 730 2633 00
744 2569 876 2653 perinde
892 2570 935 2633 011
948 2569 1075 2652 mirum,

112 2652 141 2716 si
164 2652 246 2716 alter
267 2656 411 2717 nostrum
435 2677 453 2718 0
477 2656 610 2740 collega,
634 2677 671 2719 ac
687 2657 714 2718 si
731 2676 750 2718 a
765 2676 799 2719 se
813 2655 882 2738 ipse
898 2655 1075 2719 dissentiat.

110 2757 178 2800 non
200 2757 278 2822 ergo
298 2739 525 2885 temporarium
548 2743 581 2805 et
602 2740 743 2804 subitum
766 2742 815 2804 est
837 2739 922 2823 quod
945 2742 1077 2822 uterque

109 2820 252 2907 collegae
275 2843 373 2886 consu
387 2826 440 2886 atu
460 2829 622 2908 tamquam
643 2825 759 2890 iterum
780 2845 837 2888 suc
877 2824 991 2907 audet3
1014 2824 1076 2887 nisi
1089 2840 1115 2882 so

109 2904 194 2990 quod
221 2909 330 2971 tamen
358 2907 411 2991 qui
440 2929 549 2973 rursus
578 2910 724 2973 consules
752 2910 836 2974 fiunt
853 2847 911 2972 bis
939 2908 1077 2993 quidem,

111 2990 169 3055 sed
189 2991 386 3076 temporibus
409 2992 542 3057 diuersis
566 2994 760 3078 obligantur,
782 3015 842 3058 nos
865 2992 943 3057 duos
966 3014 1078 3056 consu·

180 3216 194 3263 l
214 3214 268 3263 0101
285 3216 374 3264 minus
396 3219 476 3266 notos
498 3219 528 3265 ut
549 3216 636 3266 bonos
654 3221 746 3266 tamen
764 3229 925 3280 promouere
942 3214 1047 3278 Lipsius
1062 3211 1074 3279 ll

109 3281 126 3332 8
150 3279 276 3347 qnorum]
306 3297 358 3347 quo
381 3284 398 3330 0
426 3280 436 3348 ΙΙ
468 3282 682 3334 4010101011101
702 3285 738 3344 11,
761 3299 829 3333 corr.
853 3297 869 3348 ς
897 3279 907 3345 ΙΙ
942 3283 958 3332 8
1002 3282 1076 3332 tatia

108 3351 220 3414 scripsi:
246 3348 334 3414 gloria
355 3351 382 3396 Η
406 3346 447 3415 [19
466 3355 572 3400 tantum
596 3353 667 3400 enim
690 3351 764 3400 inter
782 3351 814 3398 W
837 3348 846 3413 ΙΙ
872 3352 903 3398 12
922 3297 1000 3414 111001
1018 3349 1076 3400 11110

110 3415 272 3467 Scdwcrzius
291 3414 294 3482 1
314 3418 344 3467 in
364 3434 426 3483 epo:
450 3420 523 3468 0111
547 3416 557 3484 ll
582 3421 614 3469 14
635 3420 769 3469 uertisset
790 3419 811 3466 B
830 3419 864 3465 V:
888 3418 1076 3469 uertissentc

109 3482 143 3531 W
166 3482 176 3550 11
205 3486 238 3534 22
260 3486 350 3550 possis
372 3487 428 3535 ista
451 3488 468 3534 0
491 3483 502 3551 ΙΙ
531 3488 562 3536 23
585 3501 635 3536 nos
658 3502 704 3538 em.
723 3485 755 3534 W
778 3483 789 3549 ll
816 3487 849 3535 26
871 3485 993 3550 postulat
1011 3486 1043 3533 W
1062 3482 1074 3535 ll

110 3552 143 3600 2⁷
161 3560 257 3604 nostra
275 3554 293 3601 <l
316 3550 326 3618 ll
350 3554 383 3603 28
401 3554 459 3619 ipso
473 3554 618 3605 Coronaeus
