2406 4012
195 78 201 87 '
234 78 491 131 CONSTANTINO
509 80 681 134 AUGUSTO
699 84 733 134 D.
753 85 828 133 1-2.
955 85 1016 149 193

33 230 205 295 restituta.
233 250 275 292 nc
298 249 338 293 ue
357 228 444 292 enim
464 229 579 313 ignoro
599 235 720 315 quanto
734 231 887 297 inferiora
904 237 1017 299 nostra

38 314 112 379 sint
125 313 261 397 ingenie
321 313 438 377 manis.
461 313 618 397 siquidem
633 314 732 379 latine
750 320 783 380 et
798 317 914 381 diserte
928 318 1016 401 loqui

38 398 110 463 illia
131 398 358 482 ingeneratum
380 399 445 478 est,
469 398 563 461 nobis
585 399 796 484 elaboratum,
820 405 867 484 et,
891 402 917 465 si
941 402 1016 486 quid

39 482 131 547 forte
160 482 326 547 commode
354 482 502 564 dicimus,
530 503 569 545 ex
590 483 647 548 illo
668 485 760 549 fonte
787 489 820 549 et
842 487 947 569 capite
969 487 1016 550 fa-

43 566 183 633 cundiae
209 566 348 630 imitatio
375 570 486 631 nostra
513 567 646 632 deriuat.
691 568 747 633 sed
769 573 914 652 quamuis
943 591 1041 635 con-s

43 652 130 717 scius
155 650 235 714 mihi
262 650 460 715 infirmitatis
487 651 653 736 ingenitae
681 656 714 716 et
740 653 884 719 inchoati
908 657 1016 739 potius

44 735 146 801 studii
168 757 265 819 quam
281 734 396 799 eruditi
419 735 567 799 cohibere
582 758 633 799 me
649 737 777 802 silentio
793 760 928 823 nequeo,
953 762 1015 823 quo

15 821 154 885 ‘minus
180 821 220 883 de
243 822 429 903 recuperata
455 821 533 884 urbe
560 821 756 904 imperioque
778 821 924 886 Romano
946 828 1016 887 tan-

45 904 118 969 dem
143 926 182 969 ex
199 904 354 980 diuturna
376 905 585 968 conuulsione
608 904 743 969 solidato
766 907 881 988 etipse
896 907 1016 990 aliquid

45 1010 147 1055 coner
168 988 269 1071 effari,
291 997 328 1052 ut
348 989 434 1052 inter
454 992 561 1052 tantos
584 989 709 1053 sonitus
732 990 923 1054 disertorum
943 1013 1015 1055 mea
1029 1013 1054 1052 ro
1142 1050 1147 1057 .

45 1094 171 1157 quoque
199 1093 262 1136 uox
282 1074 389 1137 tenuis
417 1073 566 1137 exaudita
591 1073 745 1138 uideatur.
790 1076 909 1138 etenim
932 1076 960 1139 si
981 1077 1016 1139 in

44 1158 141 1222 rebus
163 1157 288 1222 bellicis
316 1158 456 1241 ipsisque
478 1158 607 1241 proeliis
635 1179 700 1222 non
729 1159 833 1223 solum
855 1161 951 1224 tubae
978 1183 1016 1225 ac

44 1241 130 1326 litui,
153 1242 208 1306 sed
232 1242 329 1306 etiam
344 1240 522 1325 Spartanae
543 1243 642 1307 tibiae
665 1243 864 1307 incentiuum
887 1246 1016 1328 aliquod

45 1324 193 1390 feruntur
207 1326 358 1391 habuisse
381 1326 498 1409 (crede,
521 1328 595 1410 quia
617 1349 754 1412 magnos
776 1329 899 1392 animos
916 1351 1016 1412 paruo

45 1410 125 1476 licet
145 1410 274 1474 modulo
297 1411 417 1474 sufficit
434 1412 594 1496 incitari):
617 1433 672 1476 cur
694 1433 754 1496 ego
776 1412 815 1475 de
829 1416 886 1476 tuo
907 1415 943 1476 in
964 1434 1016 1476 ms
1029 1433 1055 1472 15

44 1494 159 1559 fauore
187 1494 346 1578 diffidam,
377 1498 414 1558 ut
442 1516 618 1559 sermonem
645 1517 751 1559 meum
779 1496 883 1560 studio
909 1498 1016 1579 potius

45 1581 95 1645 tui
117 1580 221 1645 cultus
243 1600 339 1662 quam
361 1579 427 1644 suis
449 1580 570 1643 uiribus
593 1579 759 1643 metiaris?
792 1580 936 1662 experiar
957 1580 1017 1664 igi-

45 1666 113 1748 tur,
134 1666 173 1729 ut
193 1685 337 1748 possum,
366 1685 559 1747 quamquam
581 1664 720 1746 oppletis
744 1662 872 1728 auribus
893 1664 957 1728 tuis
980 1668 1018 1728 ut

46 1749 94 1813 sic
117 1748 251 1813 dixerim
279 1750 494 1831 insusurrare,
526 1748 595 1812 sine
623 1748 804 1812 aemulandi
826 1749 942 1813 fiducia
965 1772 1017 1813 cu-

45 1834 142 1917 pidus
163 1832 319 1897 imitandi.
1029 1854 1055 1895 so

110 1916 153 1982 H.
181 1919 231 1981 Ac
252 1918 392 1999 primum
413 1915 492 1979 illud
515 1917 667 2000 arripiam
690 1917 774 2001 quod
797 1918 890 1982 credo
913 1918 1017 1982 adhuc

44 2001 210 2066 neminem
232 2021 344 2064 ausum
366 2000 476 2083 fuisse,
499 2005 535 2064 ut
558 2005 632 2066 ante
655 2002 694 2065 de
717 2003 901 2066 constantia
923 2024 1016 2086 expe-

45 2085 180 2150 ditionis
201 2089 276 2149 tuae
298 2084 402 2149 dicam
425 2107 519 2168 quam
542 2086 580 2148 de
601 2086 694 2149 laude
716 2087 881 2150 uictoriae.
911 2089 1017 2148 trans-

46 2174 122 2235 acto
150 2170 236 2234 enim
264 2173 355 2234 motu
383 2169 509 2233 aduersi
530 2170 671 2233 hominis
700 2173 732 2233 et
761 2170 936 2233 offensione
964 2190 1017 2231 ua-

45 2255 138 2318 canti
159 2257 233 2319 utar
249 2254 399 2318 libertate
422 2274 497 2338 erga
511 2258 544 2317 te
560 2255 662 2317 nostri
680 2254 808 2335 amoris,
831 2273 923 2334 quem
938 2255 1017 2315 tune
1029 2271 1056 2311 rs

45 2338 133 2403 inter
153 2344 256 2403 metus
280 2342 312 2402 et
333 2339 380 2402 rei
402 2338 550 2422 publicae
572 2341 649 2401 uota
671 2337 903 2419 suspendimus.
931 2339 1015 2416 tene,

44 2422 91 2487 im
116 2427 237 2506 erutor,
272 2425 401 2487 tantum
434 2422 541 2485 animo
574 2420 716 2504 potuisse
747 2441 948 2504 praesumere
981 2424 1018 2484 ut

44 2446 169 2573 bedam
189 2508 289 2571 tantis
310 2509 435 2591 opibus,
457 2509 548 2570 tanto
564 2527 722 2570 consensu
737 2505 900 2584 auaritiae,
923 2506 1016 2570 tanta

46 2591 202 2657 scelerum
226 2594 429 2677 contagione,
454 2594 546 2655 tanta
568 2592 683 2656 ueniae
699 2590 920 2675 desperatione
944 2612 1017 2655 con-

44 2675 160 2741 flatum
174 2676 410 2761 quiescentibus
432 2676 719 2761 cunctantibusque
734 2680 812 2741 tune
827 2676 954 2760 imperii
968 2676 1016 2739 tui
1030 2695 1055 2733 3⁰

45 2760 143 2825 sociis
164 2762 287 2845 primus
309 2761 499 2826 inuaderes‘?
527 2762 674 2845 quisnam
693 2764 726 2824 te
747 2761 834 2843 deus,
858 2763 1017 2843 quaetam

117 2935 131 2981 1
154 2938 250 2984 nostre
266 2935 323 2984 sint
340 2936 396 2998 ing,
408 2902 436 2983 ΙΔ
454 2935 487 2982 W
502 2933 594 2986 Bora:
620 2934 676 2981 sint
692 2932 750 3062 inff.
768 2934 863 2979 nostra
880 2931 900 2978 B
918 2931 936 2975 0
954 2930 976 2976 V
1004 2928 1016 2993 ²}

46 3004 63 3053 3
82 3000 163 3051 nobis
181 3003 198 3049 0
216 3015 254 3051 w:
273 3016 371 3052 nomen
388 3001 485 3051 bis-ll.
504 3018 538 3051 cn
556 3001 712 3051 nobismet?
747 2997 912 3047 lfacundic
932 3009 970 3043 w:
989 3004 1018 3045 et

45 3067 181 3119 facundie
198 3071 225 3118 Ι
244 3069 284 3133 (et
302 3068 434 3119 facundia
446 3067 474 3134 01
486 3066 526 3133 118
543 3067 654 3118 tandem
667 3065 890 3130 Eyssenhardtus:
910 3068 939 3114 et
957 3067 1016 3112 tan-

46 3134 111 3186 dem
122 3134 170 3201 Ul
184 3138 216 3188 13
233 3138 396 3187 intentiuum
414 3138 435 3185 B
447 3138 465 3184 0
477 3138 500 3184 V
514 3133 519 3201 1
535 3134 639 3199 aliquid
653 3135 676 3182 A
688 3131 698 3199 1
712 3135 744 3183 16
762 3134 791 3182 in
809 3148 852 3182 me
871 3132 902 3181 de
920 3137 967 3181 tuo
980 3132 1017 3192 Η,

45 3210 201 3267 transposui
210 3202 220 3270 l
232 3207 265 3254 22
283 3205 414 3255 neminem
433 3203 522 3254 adhue
540 3200 624 3267 0124
641 3208 716 3253 motu
734 3217 796 3265 spo:
815 3205 892 3250 mutu
909 3201 932 3248 Δ
950 3203 1019 3249 nutu

46 3272 68 3320 B
87 3274 105 3321 0
124 3272 146 3319 V
163 3279 238 3322 metu
256 3287 281 3321 w
304 3272 308 3336 1
333 3272 485 3323 offensione
503 3270 618 3321 uacanti
637 3286 696 3335 epo:
716 3269 833 3320 offensio
852 3267 975 3317 reuocati
992 3268 1019 3315 Π

47 3338 201 3391 offensione
217 3341 345 3391 reuocati
362 3353 387 3387 w
399 3337 409 3404 11
425 3342 458 3389 26
477 3354 550 3390 nune
568 3335 622 3402 Wll
639 3339 671 3387 27
690 3353 725 3387 an
744 3342 851 3387 tantum
869 3335 944 3385 Bert.
959 3332 969 3401 11
986 3338 1019 3385 29

47 3406 115 3459 scel.
133 3411 206 3458 cont.
224 3412 304 3457 tanta
321 3423 367 3458 onr.
387 3409 404 3455 0

94 3498 183 3539 Purus.
195 3506 251 3539 nur.
819 3490 862 3557 '13
