2406 4012
270 142 526 195 CONSTANTINO
543 143 715 195 AUGUSTO
734 146 769 194 D.
788 146 897 196 18-22.
1002 144 1065 209 229

96 296 156 378 ira,
178 293 238 357 hos
259 292 437 373 miseratio,
467 292 538 355 illos
561 293 725 377 signorum
748 296 871 376 cantus,
893 293 952 357 hos
974 296 1064 377 pueri

96 379 228 464 uagitus
251 376 448 455 accenderet,
472 378 594 441 mutata
616 380 666 440 est
687 377 769 440 ratio
793 379 992 442 certaminis:
1022 380 1065 442 ui-

99 467 214 528 cerunt
226 461 282 544 qui
304 482 410 525 amore
424 460 623 545 pugnabant.
652 464 773 544 quanto
790 463 890 546 igitur
912 466 961 527 est
978 485 1066 526 amor
1104 476 1106 481 ’

97 547 223 612 fidelior
237 545 362 626 accepti
370 544 516 609 beneficii
531 546 685 609 memoria
700 568 796 629 qnam
806 548 1066 633 praesumptione

96 631 216 711 futuri,
244 630 329 713 quod
350 629 417 694 illic
438 633 590 712 percepta
617 652 667 693 res
690 631 794 710 iuuat,
823 630 876 696 hic
899 635 1092 716 expectatae

98 715 280 782 blanditur:
318 717 411 778 tanto
446 714 495 776 tui
531 714 706 778 animosius
743 714 976 781 dimicanerunt
1012 716 1066 800 qui

98 822 166 864 non
186 820 285 883 puero
308 819 398 882 spem
419 799 544 882 gratiae
565 800 827 877 munerabantur,
851 801 906 864 sed
928 801 1066 885 principi

98 887 288 1032 pmffis
309 882 456 947 homines
473 882 704 966 benignissimo
726 884 833 947 meriti
855 885 997 947 debitum
1019 906 1068 948 re-

141 989 205 1033 ne
270 971 295 1031 t.

98 991 141 1053 po
164 1051 254 1116 XXI.
308 1051 447 1115 Primam
483 1050 584 1114 iitur
616 1050 855 1135 Segusiensinm
892 1052 1065 1135 ciuitatem,
1081 1072 1105 1112 ro

99 1158 199 1221 qnam
213 1137 391 1219 proximam
412 1137 474 1200 iter
490 1073 629 1218 dederat,
652 1136 788 1200 uictoria
802 1137 907 1200 facilis
922 1136 1068 1220 amplexa

100 1225 161 1285 est.
195 1242 276 1304 quae
297 1221 468 1284 resistendi
490 1220 668 1303 pertinacia
690 1222 735 1284 ita
756 1221 791 1284 in
811 1243 845 1285 se
867 1221 1067 1305 imperatoris

100 1306 168 1370 nim
196 1305 355 1369 conuertit
386 1307 423 1368 ut
448 1304 600 1389 pietatem
627 1309 737 1369 tamen
768 1327 836 1369 non
869 1305 1065 1370 alienauerit.

100 1412 176 1453 nam
206 1410 279 1454 cum
299 1389 450 1452 introitus
477 1390 510 1452 ni
531 1411 691 1472 manuque
713 1394 916 1473 quaereretur
943 1394 977 1454 et
997 1411 1068 1472 por·

100 1479 208 1538 tarum
229 1473 438 1538 inflammatio
459 1473 571 1557 ignem
592 1474 655 1536 lata
671 1473 856 1556 distulisset,
880 1474 968 1537 cuius
990 1474 1067 1537 faci·
1081 1490 1106 1532 n

100 1558 142 1623 lis
164 1579 221 1642 per
243 1558 392 1621 adiuncta
412 1557 563 1642 contagio
583 1561 678 1640 pastu
699 1557 852 1640 pestifero
874 1556 1067 1638 ualaseebat,

101 1643 240 1707 maxima
274 1641 499 1726 benigmssrmr
535 1642 736 1725 rmperatoris
772 1641 835 1704 fuit
871 1663 962 1722 cura,
1001 1661 1074 1704 non.

101 1726 198 1791 modo
230 1730 267 1789 ut
292 1726 477 1791 incendium
509 1747 575 1790 non
606 1725 748 1790 adiutum
781 1729 975 1807 senesceret,
1013 1724 1069 1788 sed

100 1831 290 1896 oppressum
314 1811 414 1874 emori
430 1814 553 1894 posset,
576 1814 609 1875 et
629 1810 727 1895 longe
749 1811 911 1893 operosior
933 1809 1069 1875 clemen-

100 1897 150 1959 tia
171 1896 238 1958 eius
266 1916 359 1978 quam
382 1894 537 1958 fortitudo
559 1899 727 1978 perspecta
752 1899 814 1978 est,
846 1916 918 1959 cnm
939 1894 1011 1979 plus
1033 1895 1069 1958 in
1082 1913 1107 1955 ao

101 1979 322 2044 conseruanda
348 1978 427 2043 urbe
454 2000 550 2062 quam
577 1980 611 2043 in
640 1980 795 2064 capienda
820 1979 927 2044 fuerat
952 1978 1069 2043 laboris

101 2067 254 2128 oreretur.
297 2064 406 2146 itaque
435 2062 616 2146 digrediens
651 2065 697 2128 sic
730 2064 894 2128 ciuitatem
921 2063 1070 2146 cupidam

102 2150 152 2213 sui
173 2149 253 2212 fecit
272 2151 309 2211 ut
332 2169 403 2211 cam
432 2148 472 2211 ad
494 2169 588 2212 omne
614 2148 800 2231 obsequium
828 2168 894 2211 non
916 2147 1069 2210 uictoriae

102 2236 209 2296 metus
232 2235 451 2316 componeret,
474 2231 530 2295 sed
552 2231 720 2295 admiratio
741 2231 896 2294 lenitatis.

167 2316 271 2381 XXII.
301 2317 431 2401 Optima
453 2337 521 2379 esse
545 2316 636 2379 aiunt
656 2315 796 2379 remedia
818 2336 897 2398 quae
920 2313 959 2376 ad
976 2334 1069 2376 usum
1083 2331 1109 2372 aa

102 2400 285 2486 corrigendi
317 2401 421 2465 nostri
453 2421 492 2464 ex
525 2401 631 2464 aliena
664 2399 846 2463 calamitate
879 2400 1070 2480 nascuntur,

101 2507 215 2550 uerum
243 2487 369 2551 animus
391 2486 552 2569 prauitate
580 2486 669 2548 uelut
694 2483 806 2547 morbo
828 2483 1000 2568 impeditus
1024 2481 1071 2546 di·

102 2570 221 2635 lectum
249 2570 327 2634 boni
360 2591 428 2634 non
455 2569 563 2634 habet.
614 2590 687 2634 ecce
713 2568 779 2632 iam
809 2573 888 2651 aput
914 2567 1070 2632 Taurinos

103 2656 287 2719 uenientem
302 2676 412 2738 pugna
427 2656 557 2738 grauior
572 2657 732 2738 expectat,
755 2675 815 2718 nec
831 2653 1070 2738 segusiensium

103 2739 240 2802 uastitas
273 2742 383 2802 monet
415 2742 452 2801 ut
478 2739 540 2802 sibi
569 2742 716 2821 caueant,
750 2760 810 2801 nec
838 2738 983 2822 cogitant
1009 2757 1071 2820 quo
1084 2751 1109 2791 ω

104 2843 178 2886 cum
204 2822 350 2906 principe
377 2844 428 2886 res
454 2823 565 2887 futura
593 2823 650 2904 sit,
685 2821 770 2905 qnod
798 2842 901 2903 neque
929 2821 978 2882 uia
1005 2821 1072 2883 eius

104 2906 276 2971 resistendi
312 2928 402 2990 spem
432 2906 531 2972 faciat
566 2927 625 2970 nec
658 2904 869 2969 mansuetudo
903 2902 1070 2966 rationem.

172 3061 430 3112 taccenderentv
459 3059 468 3126 l
498 3064 513 3112 'l
535 3061 716 3110 munerabant
733 3061 766 3107 W
784 3057 1034 3107 numerabantnrc
1059 3053 1072 3122 Η

104 3130 263 3180 8hominas
282 3129 501 3179 w=h0minis1
530 3127 540 3193 ΙΙ
572 3131 600 3177 11
621 3142 675 3192 qua
693 3127 739 3186 ΔΙ
764 3126 916 3191 proximam
934 3138 995 3187 epo:
1018 3124 1073 3188 pri-

103 3212 176 3246 mam
193 3196 221 3245 1
238 3195 248 3262 l
272 3200 303 3246 14
320 3211 456 3261 manuque
473 3198 641 3246 Pulmannns:
660 3210 741 3245 manu
758 3195 786 3241 1
804 3191 814 3256 ll
836 3194 867 3243 15
887 3189 1032 3241 detulisset
1049 3205 1075 3241 w

107 3262 120 3330 ΙΙ
150 3266 182 3315 16
199 3270 281 3329 pastu
298 3266 418 3314 duratas:
441 3271 523 3328 partu
540 3264 568 3310 1
597 3261 606 3326 l
638 3264 669 3313 18
688 3279 741 3312 non
760 3263 846 3310 iutum
865 3260 898 3308 W
926 3257 936 3323 ll
965 3261 998 3308 22
1017 3274 1074 3309 ore-

105 3337 182 3383 retur
199 3348 261 3397 epo:
279 3337 405 3381 ororetur
422 3331 445 3379 Δ
462 3333 578 3381 oriretur
596 3337 654 3380 cett.
682 3330 686 3393 Ι
713 3328 871 3393 disgred.A
897 3331 901 3387 Ι
929 3327 1075 3377 ciuitatem

104 3401 182 3449 llwr
202 3399 381 3464 cupiditatem
398 3399 425 3445 Ι
448 3396 459 3463 ΙΙ
482 3401 515 3449 25
534 3400 612 3447 aiunt
631 3412 691 3447 esse
710 3399 727 3446 c
748 3395 758 3462 ΙΙ
779 3398 812 3447 26
831 3395 1036 3446 calaminateA
1060 3392 1072 3459 l}

104 3470 138 3518 29
156 3469 298 3531 segusium
316 3468 344 3514 1
367 3465 377 3531 ΙΙ
401 3469 433 3517 30
451 3470 543 3516 mouet
561 3465 596 3529 01
613 3480 666 3529 quo
684 3465 830 3515 Liuineius:
849 3463 921 3529 quod
938 3464 965 3510 Ι
