2406 4012
229 113 487 167 CONSTANTINO
505 113 677 166 AUGUSTO
695 116 729 164 D.
749 116 857 168 14-16.
959 112 1025 177 225

53 267 122 331 tuis
145 265 277 348 distant,
299 264 333 327 in
351 263 497 347 proximo
520 263 627 326 saltim
648 263 788 325 iustitiae
810 263 912 347 gradu
934 284 1028 347 repo·

54 354 187 415 nantun
230 348 374 413 Romano
401 346 537 444 quodam
565 347 600 411 in
622 347 707 410 bello
731 347 842 410 ferunt
864 347 925 410 duo
954 369 1025 411 cum

55 434 148 533 equis
174 434 305 497 iuuenes
333 432 475 496 extitisse
504 431 692 515 spectandos
714 432 817 494 forma
839 432 960 515 pariter
988 453 1025 495 ac

55 520 195 598 uiribus,
225 518 300 600 quia
326 517 360 580 in
384 516 566 580 dimicando
588 518 715 599 praeter
742 518 862 579 ceteros
886 516 1024 601 insignis

55 604 209 684 fuissent,
238 604 327 665 iussu
354 601 554 684 imperatoris
583 600 622 664 ad
645 601 909 664 remunerandam
935 600 1052 664 indu-e

56 688 170 751 striam
191 686 371 769 requisitos.
408 686 462 749 ubi
484 685 565 748 nulli
587 685 844 765 inueniebantur,
868 686 946 749 fides
969 684 1025 748 ha-

55 772 126 836 bita
154 773 203 834 est
231 770 358 833 diuinos
384 769 499 851 fuisse,
534 768 619 852 quod
650 790 721 833 cum
748 767 888 832 laborem
916 770 1026 832 sedulo

55 854 390 936 communicauissent,
412 853 532 916 laboris
546 853 684 937 pretium
706 855 911 935 respuissent.
940 855 1027 936 equi-

55 941 130 1004 dem
150 938 305 1003 historiae
326 958 392 1001 non
414 938 535 1000 inuitus
558 938 722 1001 assentior.
758 958 860 1020 neque
883 937 968 999 enim
991 937 1025 1000 in

55 1024 119 1089 hoc
147 1023 216 1087 ueri
236 1021 460 1104 interpolatrix
482 1021 622 1085 tenenda
650 1042 729 1105 quae
758 1042 792 1084 se
819 1042 884 1084 non
907 1041 1067 1084 uanam1o

56 1106 261 1190 antiquitatis
288 1106 437 1169 nuntiam
458 1106 637 1189 pollicetur.
683 1106 737 1170 sed
759 1109 867 1169 tamen
894 1105 943 1169 illi
971 1108 1026 1189 qui

55 1193 119 1258 hoc
152 1191 316 1255 annalium
349 1191 555 1254 monimentis
590 1191 798 1274 illigauerunt
834 1191 1026 1254 uerebantur

55 1298 98 1341 ne
127 1279 207 1359 aput
227 1276 370 1358 posteros
397 1273 542 1339 miraculi
565 1275 643 1338 fides
666 1275 868 1340 claudicaret.
914 1278 1025 1357 estote,

57 1384 77 1425 o
92 1358 277 1445 grauissimi
291 1361 446 1439 auctores,
470 1359 508 1422 de
527 1361 717 1442 scriptorum
738 1359 892 1443 religione
908 1360 1025 1422 securi:

57 1444 216 1510 credimus
237 1443 324 1507 facta
351 1444 405 1526 qui
427 1444 550 1506 maiora
577 1465 663 1506 nunc
688 1445 856 1507 sensimus.
901 1464 953 1505 ma
977 1444 1025 1506 ni·
1039 1462 1065 1503 ιι

55 1528 137 1593 tudo
155 1528 310 1612 principis
332 1527 436 1591 nostri
459 1528 559 1611 gestis
581 1534 726 1590 ueterum
747 1527 842 1590 fidem
866 1465 1025 1609 conciliat,

58 1614 114 1677 sed
128 1612 317 1676 miraculum
332 1609 482 1675 detrahit.
506 1631 564 1693 pro
585 1610 696 1674 auxilii
718 1613 810 1694 copia
824 1612 1026 1694 negotiorum

56 1698 141 1761 ratio
163 1695 324 1761 metienda
348 1698 405 1759 est.
434 1694 496 1758 duo
515 1696 678 1778 quondam
698 1696 841 1774 iuuenes,
865 1695 920 1758 sed
941 1717 1026 1759 nunc

58 1781 217 1846 exercitus
239 1780 311 1844 uisi.
342 1778 403 1842 hoc
427 1782 511 1843 certe
533 1779 661 1859 uberius
683 1801 743 1845 nec
766 1780 924 1844 infirmius
945 1781 1025 1845 ueri·

57 1869 137 1930 tate.
181 1868 246 1928 stat
274 1866 464 1947 argumento
491 1863 610 1947 duplici
637 1865 715 1929 fides
743 1865 835 1929 nixa:
873 1865 919 1929 sic
947 1864 1024 1931 Con·
1039 1887 1065 1925 ιο

58 1949 220 2013 stmtmus
242 1949 347 2012 iuuari
368 1949 498 2026 meruit,
523 1949 568 2013 sic
591 1949 701 2013 debuit
721 1949 824 2014 Roma
846 1951 975 2013 seruari.

122 2031 212 2097 XVI.
258 2032 415 2117 Magnum
437 2031 513 2116 hoc,
537 2034 713 2117 imperator
734 2035 887 2116 maxime,
911 2035 965 2097 sed
988 2034 1026 2096 de

57 2120 114 2182 tua
129 2118 248 2201 pietate
270 2138 336 2181 non
350 2117 476 2181 mirum.
507 2118 617 2181 adesse
632 2118 692 2180 tibi
714 2117 749 2180 in
771 2118 920 2180 omnibus
943 2138 1026 2179 sum·

56 2223 143 2266 mam
167 2200 256 2264 illam
278 2202 478 2265 maiestatem
502 2222 580 2285 quae
600 2204 632 2263 te
656 2200 868 2283 circumplexa
890 2203 1025 2282 tueatur,

59 2286 244 2351 coniectura
258 2286 415 2350 mentium
425 2285 625 2367 tenebamus,
642 2285 703 2347 etsi
718 2283 862 2347 nondum
878 2283 916 2348 ad
931 2284 1026 2347 fidem
1039 2302 1067 2342 25.

57 2370 191 2454 patebat
213 2370 385 2436 oculorum.
429 2369 546 2432 etenim
571 2390 643 2432 cum
664 2391 754 2432 mens
776 2372 832 2433 tua
853 2391 874 2433 a
895 2367 1026 2432 mortali

58 2454 254 2537 contagione
287 2456 422 2536 secreta,
460 2474 541 2535 pura
570 2452 690 2536 omnis,
726 2454 871 2517 funditus
901 2453 1027 2518 sincera

58 2538 175 2620 ubique
198 2559 232 2601 se
253 2537 463 2621 promerendo
486 2538 545 2601 deo
567 2541 725 2622 praestet,
755 2560 826 2604 cum
848 2538 950 2624 gloria
971 2542 1027 2602 tua

57 2620 233 2685 humanum
255 2622 384 2685 modum
405 2643 633 2706 superegressa
653 2623 710 2688 sit:
733 2626 788 2708 qui
811 2629 860 2689 est
884 2625 1028 2689 omnium

127 2828 143 2875 2
161 2825 230 2876 duos
242 2828 260 2875 0
272 2829 305 2875 W
321 2824 332 2891 ΙΙ
349 2830 364 2877 3
383 2827 550 2958 spectandos
566 2830 674 2892 scripsi:
693 2837 822 2893 spectant
836 2834 900 2880 osA
918 2841 1027 2897 specta-

56 2892 396 2959 tosllGVWll4qula

57 2960 136 3023 dum,
160 2976 206 3011 om.
225 2962 401 3024 iudustriam,
421 2962 438 3009 0
468 2960 479 3027 ΙΙ
508 2964 523 3011 7
543 2976 603 3010 cum
621 2963 643 3009 Δ
660 2962 752 3015 Hert:
774 2979 822 3013 om.
839 2965 858 3012 B
877 2967 894 3012 0
913 2967 934 3013 V
951 2967 984 3015 W
1012 2966 1024 3032 ll

55 3029 73 3078 8
97 3030 342 3079 communicassent
358 3031 379 3096 ll
397 3029 420 3075 V
437 3029 470 3077 W
504 3028 701 3094 trespnerunt
718 3031 741 3077 Δ
770 3027 780 3094 ΙΙ
812 3034 843 3080 10
865 3033 1025 3097 interpella·

53 3096 146 3145 trixc
175 3094 185 3161 ΙΙ
217 3098 249 3145 12
267 3096 453 3161 alligauerunt
470 3098 504 3144 W
521 3110 539 3143 u
568 3092 578 3160 ΙΙ
610 3098 641 3145 15
664 3097 800 3148 oredimus
819 3099 945 3164 Longius:
967 3116 1025 3151 cra·

55 3161 154 3213 damus
171 3164 199 3210 1
227 3162 238 3228 l
268 3167 300 3214 19
317 3161 385 3228 uisi]
404 3164 458 3213 nisi
475 3165 508 3213 W
524 3177 550 3211 ιιι
573 3163 578 3225 Ι
604 3170 679 3213 certe
698 3163 745 3214 uel
762 3165 873 3216 uberius
890 3167 977 3231 Bera,
996 3174 1025 3219 et

55 3230 131 3281 uber.
150 3230 282 3280 Liuineius
310 3229 320 3296 ΙΙ
349 3233 382 3282 20
401 3232 480 3282 satc
510 3229 520 3296 ΙΙ
549 3233 582 3279 24
601 3231 785 3297 circumplexa
802 3234 949 3286 Liuineius:
973 3239 1024 3287 cir-

56 3297 192 3347 cumflexa
208 3297 236 3346 Η
259 3296 269 3363 ΙΙ
292 3301 325 3351 25
343 3299 528 3348 coniecturam
545 3296 573 3345 Η
597 3295 607 3363 ΙΙ
631 3300 663 3348 26
681 3315 699 3349 a
715 3303 820 3351 addidi:
841 3319 888 3352 om.
906 3305 934 3351 1
957 3301 967 3371 l
991 3307 1024 3356 29

53 3367 555 3495 {lilii‘llallallle‘fitlllul
568 3367 593 3482 ⁰2
606 3366 629 3480 l
644 3367 808 3484 li⁸‘²⁸⁵³
830 3370 904 3424 Bm·
930 3368 934 3439 ¹
961 3374 1024 3438 ‘¹⁰³⁸

170 3468 177 3481 .
393 3450 399 3481 :
481 3451 490 3482 1

102 3522 192 3561 Pano.
206 3532 262 3562 ur.
838 3526 870 3572 15

428 2896 475 2959 qui
493 2894 568 2944 Berl.
589 2891 594 2957 Ι
614 2896 738 2959 insignes
756 2898 773 2943 0
790 2895 800 2961 ΙΙ
819 2900 834 2946 ὅ
853 2914 1027 2950 remuneran-
