2406 4012
138 195 181 258 ἰο
461 197 481 248 1.
519 195 548 247 1.
567 195 778 247 1111111111.

137 346 292 410 felicitate
325 345 458 431 dignum
491 344 601 409 uideri.
652 345 706 409 sed
736 367 807 409 cum
834 346 935 409 multa
966 346 1026 410 111ο
1057 347 1112 412 die

139 430 224 494 dicta
245 433 321 495 sunt
342 432 503 514 sapienter
526 433 559 494 11
580 431 739 514 grauiter,
769 434 837 493 tum
859 430 912 494 uel
933 430 968 494 in
991 433 1111 514 primis

139 515 243 579 ‘crede
265 514 368 597 1111111,
393 515 485 578 crede
506 514 590 577 tibi’.
624 536 744 598 magna
766 513 829 578 hoc
850 514 967 578 fiducia
991 517 1110 599 nostri,

138 599 256 662 maiore
270 602 379 662 tamen
394 598 441 662 tui
456 599 603 662 diximus
633 598 713 662 alius
736 599 822 662 enim
837 599 974 664 fortasse
997 600 1110 684 alium,

111 683 242 767 sipsum
264 705 298 747 se
320 704 413 747 nemo
437 682 606 766 deceperit.
650 683 855 766 introspiciat
882 683 977 748 modo
1005 685 1110 748 uitam

137 788 233 849 seque
256 766 331 850 quid
353 770 512 831 mereatur
533 767 722 851 interroget.
766 766 901 851 proinde
926 768 1027 832 dabat
1049 791 1108 833 uo-

138 851 225 915 cibus
252 851 370 916 nostris
396 852 492 916 fidem
518 852 602 935 apud
630 852 786 938 optimum
813 852 990 935 principem
1020 855 1109 936 quod

137 938 219 1019 apud
250 936 353 1002 malos
387 935 581 1001 detrahebat.
629 936 773 1020 quamuis
807 936 892 999 enim
924 936 1108 1002 faceremus

137 1042 215 1103 quae
238 1024 381 1086 amantes
403 1022 521 1098 solent,
557 1020 604 1084 illi
626 1023 735 1084 tamen
763 1041 828 1084 non
851 1021 952 1085 amari
980 1042 1016 1085 se
1039 1043 1108 1088 cre-

98 1105 256 1169 rodebant
288 1107 360 1170 sibi.
410 1127 506 1189 super
533 1105 611 1170 hacc
643 1105 765 1189 precati
792 1126 900 1168 sumus
933 1108 969 1168 ut
997 1106 1044 1170 sic
1074 1111 1108 1171 tc

137 1192 283 1253 amarent
311 1190 343 1252 di
378 1189 644 1273 quemadmodum
671 1193 707 1253 tu
739 1211 809 1253 noa.
859 1189 930 1272 quis
958 1189 1020 1254 hoc
1049 1196 1109 1255 aut

136 1271 174 1336 de
197 1295 230 1336 se
253 1276 309 1336 aut
331 1274 434 1356 prinei
458 1275 469 1336 i
492 1274 612 1338 diceret
633 1274 834 1338 mediocriter
856 1274 1001 1337 amanti?
1043 1297 1106 1357 pro

135 1357 227 1421 nobis
265 1357 343 1440 ipsis
371 1297 498 1441 quidbm
531 1358 611 1423 haec
636 1358 697 1421 fuit
729 1379 852 1421 summa
887 1360 1035 1422 uotorum
1070 1363 1108 1423 ut

135 1462 194 1504 nos
216 1441 262 1505 sic
285 1445 430 1506 amarent
452 1442 484 1506 di
507 1464 568 1526 quo
590 1442 684 1506 modo
700 1447 745 1506 tu
774 1446 863 1505 estne
885 1464 998 1506 uerum
1018 1444 1107 1526 quod

98 1545 121 1584 15
136 1527 221 1590 inter
247 1526 309 1591 ista
338 1527 545 1591 clamauimus
575 1533 605 1590 ‘0
633 1548 692 1590 nos
720 1525 868 1590 felices’?
913 1527 988 1608 quid
1017 1528 1107 1592 enim

134 1610 259 1676 felicius
287 1611 395 1691 nobis,
426 1613 539 1696 quibus
567 1633 635 1676 non
663 1611 727 1674 iam
749 1610 828 1674 illud
856 1611 1032 1693 optandum
1054 1617 1108 1676 est

135 1698 171 1758 ut
196 1718 254 1761 nos
287 1697 401 1782 diligat
427 1697 593 1781 princepS,
633 1695 688 1759 sed
714 1700 750 1758 11
775 1694 807 1758 di
834 1695 1107 1778 quemadmodum

134 1778 1107 1946 11111111111111111111111111111·

96 1967 121 2006 ao
134 1948 227 2029 putat
249 1947 348 2010 astrui
369 1968 464 2030 posse
485 1948 549 2011 nisi
571 1952 607 2011 ut
628 1948 660 2010 di
681 1946 849 2011 Caesarem
870 1947 1046 2012 imitentur.

197 2029 326 2098 LXXV.
378 2030 439 2096 Sed
463 2031 537 2114 quid
560 2031 689 2114 singula
712 2035 878 2096 consector
900 2036 933 2096 ct
954 2032 1104 2116 colligo?

135 2113 225 2197 quasi
246 2135 322 2178 uero
345 2119 401 2179 aut
419 2116 564 2180 oratione
587 2115 756 2198 complecti
778 2119 833 2180 aut
850 2117 1002 2181 memoria
1027 2140 1105 2182 con-

134 2200 223 2282 sequi
250 2199 372 2283 possim
398 2221 478 2284 quae
506 2223 577 2282 uos,
612 2205 720 2284 patres
750 2201 936 2284 conscripti,
969 2222 1010 2265 ne
1040 2224 1106 2287 qua

133 2283 340 2369 interciperet
362 2285 498 2368 obliuio,
528 2285 616 2350 etin
639 2285 766 2369 publica
792 2289 864 2349 acta
886 2285 1044 2350 mittenda
1070 2291 1106 2351 11

95 2386 121 2427 aa
134 2368 305 2435 incidenda
326 2372 361 2435 in
384 2392 456 2436 aere
479 2371 657 2436 censuistis.
704 2373 778 2434 ante
801 2370 960 2434 orationes
982 2370 1104 2455 princi-

134 2477 210 2538 pum
233 2459 358 2520 tantum
382 2457 448 2521 eius
470 2457 555 2521 modi
572 2476 689 2541 genere
711 2456 991 2519 monumentorum
1010 2477 1105 2520 man-

133 2538 202 2602 dari
224 2541 408 2604 aeternitati
430 2541 590 2605 solebant:
625 2539 872 2604 acclamationes
894 2538 1023 2621 quidem
1046 2563 1104 2603 no-

134 2625 218 2685 strae
249 2623 425 2704 parietibus
460 2625 565 2687 curiae
599 2623 837 2688 claudebantur.
888 2625 981 2686 erant
1013 2625 1105 2687 enim

134 2705 248 2788 quibus
277 2727 337 2769 nec
365 2709 493 2769 senatus
521 2706 653 2788 gloriari
680 2729 739 2772 nec
766 2707 928 2791 principes
956 2713 1104 2790 possent.

96 2788 193 2852 rohas
220 2810 296 2852 uero
326 2790 417 2853 etin
438 2790 553 2874 uulgus
581 2791 666 2856 exire
695 2794 727 2855 et
748 2792 883 2875 posteris
911 2791 1004 2875 prodi
1028 2814 1104 2856 eum

134 2894 173 2936 ex
196 2873 426 2938 utilitatatem
454 2895 492 2938 ex
515 2874 673 2959 dignitate
694 2877 824 2960 publica
845 2876 925 2940 fuit:
960 2876 1103 2959 primum

134 2959 170 3020 ut
191 2956 276 3021 orbis
298 2960 455 3022 terrarum
477 2960 607 3042 pietatis
629 2964 757 3027 nostrae
780 2959 984 3025 adhiberetur
1006 2963 1103 3025 testis

134 3044 166 3105 et
183 3043 346 3126 conscius3
376 3042 490 3108 deinde
512 3046 548 3108 ut
568 3045 772 3110 manifestum
795 3049 879 3109 esset
902 3045 1018 3110 audere
1040 3067 1103 3110 nos

202 3252 217 3299 6
237 3246 313 3314 qnid]
337 3249 443 3314 quode
467 3248 477 3315 ΙΙ
502 3254 533 3301 10
552 3248 604 3317 sic]
626 3252 685 3301 sic
709 3250 719 3317 ΙΙ
744 3253 773 3301 11
794 3251 854 3316 quis
872 3265 901 3317 g:
922 3252 968 3317 qui
987 3253 1014 3299 11
1034 3248 1044 3315 ΙΙ
1071 3255 1101 3302 13

133 3317 218 3380 ipsius
235 3319 256 3365 B
276 3319 298 3365 V
318 3315 328 3382 ΙΙ
352 3321 383 3369 17
402 3320 511 3368 utadd.
530 3316 780 3383 Keilius:om.1ss
800 3321 829 3368 19
847 3319 1021 3383 indulgentia
1040 3319 1061 3367 B
1080 3320 1102 3367 V

135 3379 138 3447 l
164 3384 269 3447 pietate
288 3385 408 3448 Lipsius:
451 3388 522 3435 1111
548 3386 552 3449 Ι
579 3385 707 3438 Felicitati
725 3388 770 3433 W:
795 3385 942 3437 felicitatis
960 3386 980 3434 B
999 3387 1056 3435 1111
1086 3384 1099 3452 ΙΙ

132 3451 165 3500 ‘25
185 3455 249 3499 ante
268 3402 480 3518 11111111111Γῖ7
502 3453 611 3516 quidem
630 3471 676 3504 om.
689 3455 722 3503 W
735 3450 745 3518 11
762 3456 794 3503 29
813 3454 952 3519 principes
970 3466 1008 3502 w:
1026 3455 1101 3519 prin-

132 3533 197 3583 ceps
214 3519 243 3565 1
258 3515 268 3581 ΙΙ
285 3520 319 3569 30
337 3516 449 3586 uulgus]
470 3521 586 3586 singulis
606 3519 699 3586 (11133
720 3521 813 3572 audire
831 3522 864 3567 W
