2406 4012
192 237 253 302 126
478 241 525 291 IV.
550 240 711 293 EUMENII
728 238 866 293 ORATIO
1135 39 1195 275 Ὗ

1190 302 1195 331 i

191 393 394 473 compertam.
440 389 530 453 saluo
557 388 657 475 igitur
683 388 855 474 priuilegio
882 388 1056 474 dignitatis
1084 394 1153 459 tuae
1191 388 1195 461 ².

188 474 355 538 hortamur
383 475 420 536 ut
445 472 677 556 professionem
704 472 877 537 oratoriam
903 478 1033 559 repetes
1062 480 1154 562 atque

189 559 222 621 in
251 579 347 641 supra
375 557 461 620 diota
489 556 636 640 ciuitate,
665 578 761 640 quam
788 578 854 622 non
875 558 1006 644 ignoras
1034 582 1094 625 nos
1114 562 1153 626 ad
1193 604 1195 609 -

211 643 359 705 ristinsm
380 640 515 725 gloriam
537 640 728 725 reformare,
755 641 795 706 ad
817 643 905 707 uitae
925 643 1071 709 melioris
1093 648 1152 711 stu·

162 665 275 790 edium
304 726 555 789 adulescentium
583 726 709 790 excolas
736 728 861 791 mentes
888 749 950 792 nec
975 731 1072 812 putes
1096 728 1153 795 hos

188 831 319 874 munere
347 810 544 894 anteportis
572 809 691 894 aliquid
712 811 777 874 tuis
800 810 975 877 honoribus
998 813 1155 899 derogari,

189 915 260 958 cum
292 895 428 959 honesta
453 894 609 978 professio
642 897 734 958 ornet
759 895 867 979 potius
899 916 1032 961 ornnem
1060 919 1152 981 quam

187 978 332 1044 destruat
353 980 554 1064 dignitatem.
600 979 735 1063 denique
764 979 862 1044 etiarn
889 980 1043 1045 salarium
1064 986 1097 1047 te
1120 983 1153 1047 in

188 1065 331 1128 sexcenis
359 1065 488 1128 milibus
515 1085 682 1127 nummum
716 1084 755 1127 ex
781 1063 829 1129 rei
855 1064 1004 1147 publicae
1032 1066 1154 1131 uiribus

149 1171 174 1210 10
188 1149 337 1231 consequi
365 1148 526 1231 uolumus,
557 1151 592 1211 ut
620 1146 791 1232 intellegas
819 1148 942 1212 meritis
964 1149 1031 1213 tuis
1061 1150 1155 1215 etiarn

186 1234 330 1295 nostram
365 1233 530 1296 consulere
560 1232 773 1298 clementiam.
817 1233 903 1317 uale,
937 1232 1080 1300 Eumeni
1106 1256 1153 1300 cs·

185 1314 309 1378 rissime
331 1316 449 1379 nobis?

249 1397 321 1464 XV.
350 1400 402 1464 Ita
423 1421 491 1465 non
513 1398 641 1464 uidetur
661 1399 733 1480 tibi,
756 1400 806 1464 uir
827 1399 1073 1485 perfectissime,
1094 1402 1153 1468 hes

184 1485 349 1547 tantorum
376 1485 560 1568 principum
587 1484 809 1550 exhortatione
838 1505 906 1549 non
933 1485 1039 1549 solum
1067 1507 1155 1551 meus

147 1589 172 1630 15
186 1589 224 1631 ex
246 1569 313 1632 otio
336 1570 444 1634 iacens
466 1570 507 1634 ad
527 1568 681 1653 pristinas
704 1572 789 1633 artes
811 1568 937 1633 animus
959 1570 1081 1654 attolli,
1103 1593 1153 1636 ue

184 1675 256 1716 rum
280 1653 378 1718 etiam
400 1654 462 1739 ipsi
484 1653 715 1738 quodammodo
742 1656 886 1717 ueterum
913 1654 1077 1719 scolarum
1097 1677 1152 1740 pa-

184 1738 280 1802 rietes
296 1743 329 1802 et
343 1741 429 1804 tecta
444 1736 662 1822 consurgere?
679 1737 763 1821 quod
778 1738 864 1801 enim
878 1740 1009 1801 tantum
1024 1760 1153 1805 carmen

112 1899 114 1903 ι
183 1822 376 1907 Amphioni,
414 1843 496 1904 quae
528 1825 622 1885 tanta
650 1822 773 1905 plectro
804 1821 984 1906 fidibusque
1017 1822 1152 1889 dulcedo

184 1925 278 1986 quam
301 1910 410 1969 secuta
432 1904 594 1989 quondam
620 1927 698 1969 saxa
718 1905 944 1988 perhibentur,
974 1909 1013 1969 ut
1035 1908 1151 1974 ducen-

145 2009 171 2048 so
183 1987 270 2051 tibus
298 1988 451 2052 subuecta
478 1988 613 2052 modulis
644 1992 677 2052 et
704 1990 745 2053 ad
773 1990 943 2054 interualla
974 1992 1152 2057 carminum

182 2072 366 2135 resistentia
398 2075 512 2154 sponte
538 2094 664 2136 murum
697 2074 786 2139 uelut
814 2077 882 2139 arte
914 2078 1151 2159 construerent,

183 2158 303 2239 quanta
330 2157 365 2220 in
387 2155 438 2220 his
460 2157 689 2241 imperatorum
716 2161 749 2222 et
770 2158 942 2224 Caesarum
964 2159 1084 2225 litteris
1104 2161 1150 2226 in·

183 2243 232 2304 est
259 2242 299 2307 ad
321 2242 426 2306 omnis
454 2243 633 2307 animorum
661 2242 799 2327 impetus
829 2243 1023 2327 effectusque
1046 2266 1150 2310 rerum

183 2325 312 2391 ciendos
334 2327 383 2392 uis
406 2330 501 2411 etque
522 2327 701 2411 permotio?
746 2329 815 2411 qui,
841 2328 926 2411 quod
947 2328 1060 2395 iubere
1081 2350 1149 2414 pos·

143 2415 274 2493 absunt,
302 2412 434 2479 suadere
457 2412 631 2497 dignentur
654 2413 701 2494 et,
732 2433 804 2475 eum
826 2413 879 2476 uel
900 2413 1016 2476 tacitas
1039 2434 1148 2478 eorum

182 2517 220 2560 aa
241 2497 334 2560 uultu
360 2501 453 2562 tenus
477 2498 674 2582 significatas
700 2496 883 2562 uoluntates
908 2497 1026 2560 summi
1048 2497 1147 2581 patris

180 2583 331 2725 lllllallir
342 2580 525 2727 affiorstas'
543 2583 631 2726 oprirtrp
646 2584 761 2644 nutum
772 2580 1017 2728 pppmissipppm
1032 2582 1088 2665 qui
1100 2601 1148 2729 pp

130 2828 134 2835 ,
180 2683 373 2826 impdladdi
394 2685 586 2829 plledldtld
609 2685 796 2812 odlldlrtasnedi
805 2686 1146 2815 1lr'uldlllritdlteenoonoi·

249 2951 262 2998 1
282 2948 440 3016 priuilegio]
458 2951 560 3015 premio
580 2948 647 3017 ⁰l9
666 2953 802 3003 sexcentis
821 2951 970 3018 (sescentis
987 2951 1020 3017 Δ)
1039 2952 1147 3020 1111111·

178 3017 281 3067 minum
299 3020 315 3067 c
328 3019 362 3065 W
379 3019 501 3068 numium
512 3019 532 3066 B
545 3019 566 3066 V
578 3016 589 3084 ΙΙ
604 3022 633 3069 11
653 3019 795 3071 consulere
813 3022 922 3085 scripsi:
939 3020 1109 3073 constituere
1120 3023 1146 3069 Ι

179 3085 351 3138 consuluisse
370 3099 395 3134 w
413 3091 539 3138 constare
556 3087 688 3138 Liuineius
707 3087 712 3152 Ι
736 3088 853 3139 Eumeni
870 3105 917 3142 om.
935 3088 968 3136 W
988 3086 998 3154 ΙΙ
1021 3090 1054 3139 14
1071 3103 1145 3141 meus

178 3171 224 3205 om.
243 3155 275 3202 W
296 3152 306 3220 ss
331 3156 362 3205 16
381 3158 506 3205 ueterum
523 3161 583 3204 ante
600 3154 656 3218 ipsi
675 3156 754 3221 quod.
778 3157 992 3219 labentiset,
1011 3163 1073 3207 unte
1090 3171 1146 3207 soo-

177 3222 266 3272 larum
282 3223 305 3272 A
317 3223 350 3271 W
361 3221 437 3272 Bere.
456 3219 465 3286 l
483 3223 514 3271 21
535 3223 733 3272 constituerent
750 3224 784 3270 W
801 3229 973 3274 construeret
990 3224 1013 3272 Δ
1029 3221 1040 3289 l
1061 3226 1095 3275 23
1112 3220 1145 3273 ad

178 3305 269 3341 omnes
282 3290 375 3356 Cuspr
395 3305 412 3339 a
429 3289 545 3339 dominis
563 3289 590 3336 11
610 3291 656 3355 qui
673 3289 775 3340 domini
793 3304 817 3339 rr
834 3287 843 3356 ΙΙ
861 3293 894 3340 24
913 3291 1009 3343 ciendo
1028 3292 1087 3343 suis
1105 3294 1145 3340 st-

178 3370 230 3419 que
247 3356 430 3421 permouendo
451 3355 573 3406 consiliis
591 3372 641 3422 per
659 3358 843 3421 quodiubere
861 3372 886 3407 w
906 3355 916 3423 ΙΙ
937 3360 970 3409 26
987 3358 1145 3409 uultetenus

177 3422 204 3468 rt
232 3419 242 3485 ΙΙ
270 3426 302 3474 ‘rt
320 3424 527 3490 promissionem
545 3425 645 3491 quippe
662 3425 714 3488 (uel
730 3425 837 3490 nempe)
855 3428 965 3489 scripsi:
987 3425 1145 3492 promissio·

177 3502 293 3551 nemque
309 3492 353 3554 13
371 3509 405 3542 aa
424 3504 474 3555 que
492 3489 663 3557 delendum?ll
679 3493 713 3542 28
731 3490 874 3559 firmantis]
894 3494 1057 3545 flammantis
1075 3494 1145 3545 Liui·

177 3557 250 3605 nctus
262 3552 272 3619 ΙΙ
285 3558 318 3607 29
329 3557 482 3623 imperandi
493 3560 528 3618 11,
547 3562 654 3611 corrasi
667 3559 673 3626 l
689 3559 848 3626 conciliant]
867 3561 1001 3612 condiunt
1013 3562 1146 3613 tranem
