2394 3990
293 204 503 257 THEODOSIO
521 205 695 258 AUGUSTO
713 208 747 257 D.
767 210 874 258 12-14.
1004 208 1067 272 283

49 374 66 437 ζ·
98 354 207 419 adulta
236 353 430 419 consuetudo
455 354 606 419 lasciuiae
634 354 870 441 hautquaquam
897 357 994 422 facile
1020 360 1066 422 ui-

56 464 61 473 ·
97 438 227 503 deretur
254 438 513 521 obtemperatura
545 439 736 523 medicinae,
769 463 811 505 ne
839 441 910 525 quis
937 463 972 505 se
998 443 1067 526 pati

49 524 52 603 ζ
96 522 250 587 iniuriam
265 525 403 606 putaret,
428 545 447 586 a
469 529 502 586 te
524 523 656 588 uoluisti
678 525 822 609 incipere
844 547 1012 591 censuram
1035 531 1067 590 et

49 610 55 669 ⁵
95 606 623 775 acclinataque
639 610 1066 759 literaturae
1078 715 1090 756 ⁵

49 778 51 819 ῑ
96 776 288 858 dimensum,
312 776 396 858 quod
418 740 532 839 natura
556 776 779 841 difficillimum
802 781 862 862 est,
889 718 1065 844 emeidasti

49 870 56 879 “
95 861 253 925 uolentes.
294 860 428 943 anquis
451 861 550 925 ferret
570 861 703 925 moleste
726 862 765 925 ad
786 863 943 947 principis
966 868 1067 928 semet

49 1010 53 1035 Ι
95 944 226 1009 modum
248 943 435 1008 coherceri?
479 949 534 1008 aut
556 946 752 1009 subtractum
776 946 837 1010 sibi
859 947 981 1011 doleret
1002 948 1065 1029 pri·

49 1030 56 1109 3'
95 1032 171 1093 nata
196 1028 338 1111 luxuria,
372 1050 443 1092 cum
471 1029 596 1093 uideret
623 1030 849 1112 imperatorem
876 1052 983 1096 rerum
1010 1052 1065 1114 po·

49 1112 59 1157 3·
95 1116 229 1196 tentem,
252 1115 410 1176 terrarum
429 1113 656 1197 hominumque
677 1114 851 1197 dominum,
874 1135 969 1198 parce
991 1136 1105 1180 eon-10

49 1214 55 1289 ξ
95 1202 248 1281 tenteque
270 1197 449 1276 uiuentem,
472 1197 597 1262 modico
620 1201 652 1262 et
675 1199 832 1263 castrensi
854 1200 925 1263 cibo
947 1200 1067 1264 ieiunia

50 1294 57 1359 ξ
95 1281 196 1366 longa
229 1282 403 1365 solantem3
441 1282 481 1344 ad
508 1281 570 1346 hoc
604 1284 709 1347 aulam
742 1305 870 1349 omnem
899 1283 1066 1368 Spartanis

95 1365 275 1463 gymnasiis
305 1365 481 1449 duriorem,
515 1367 633 1431 laboris
662 1369 837 1451 patientiae
869 1369 1066 1453 frugalitatis

96 1449 1104 1619 tttttabtitttattttttnltttttatt,⁵

50 1650 58 1721 ἱ
94 1639 166 1767 qum
180 1618 314 1765 piqcem,
334 1619 498 1702 peregrini
512 1619 595 1682 aeris
609 1619 781 1700 uolucrem,
803 1620 899 1682 alieni
914 1620 1066 1701 temporis

50 1724 55 1737 ‘
116 1724 207 1767 orem

50 1792 58 1869 l
157 1784 249 1851 XIV.
293 1785 385 1885 Nam·
402 1786 533 1851 delicati
553 1786 601 1849 illi
625 1807 662 1850 ac
683 1786 834 1869 fluentes,
860 1785 969 1871 quales
991 1786 1067 1850 tulit

92 1871 1066 2040 tatteatllltinttfftatltttttttltttss
1078 1979 1104 2018 20

93 2040 308 2121 innatassent,
333 2040 397 2103 nisi
420 2040 575 2103 aestiuam
597 2040 632 2104 in
649 2042 785 2126 gemmis
806 2042 977 2125 capacibus
997 2043 1065 2127 gla-

94 2125 177 2191 ciem
194 2124 333 2188 Falerna
353 2125 538 2208 fregissent.
566 2124 682 2190 horum
701 2127 797 2209 gulae
819 2130 975 2209 angustus
998 2129 1067 2189 erat
1154 2174 1168 2195 ,.

93 2213 205 2273 noster
233 2208 330 2272 orbis.
373 2229 511 2291 namque
538 2212 700 2293 appositas
724 2210 822 2292 dapes
848 2230 915 2272 non
942 2229 1064 2290 sapore,

93 2293 150 2357 sed
172 2295 304 2376 sumptu
326 2292 532 2356 aestimantes
554 2294 619 2356 illis
638 2293 765 2356 demum
788 2292 868 2356 cibis
889 2293 1066 2374 acquiesce-

93 2377 178 2442 bant
200 2396 279 2459 quos
302 2380 461 2441 extrenms
484 2376 590 2440 oriens
617 2382 673 2440 aut
693 2377 817 2459 positus
840 2378 929 2439 extra
951 2375 1065 2438 Roma-
1078 2394 1105 2435 aa

93 2483 174 2527 num
189 2459 329 2526 Colchus
350 2461 520 2543 imperium
544 2464 599 2524 aut
618 2460 744 2524 famosa
765 2459 943 2543 naufragiis
965 2459 1067 2522 maria

93 2547 278 2626 misissent,
311 2567 391 2628 quos
419 2545 542 2609 inuitae
570 2544 802 2629 quodammodo
830 2542 1066 2626 reluctantique

93 2633 232 2695 naturae
269 2629 436 2694 hominum
473 2629 594 2713 pericla
633 2631 825 2713 rapuissent.
873 2631 911 2693 ut
942 2631 1068 2693 taceam

93 2713 213 2779 infami
241 2735 334 2798 saepe
364 2715 481 2779 dilectu
509 2715 645 2799 scriptos
673 2715 708 2779 in
734 2713 910 2798 prouinciis
938 2716 1067 2800 auoipes

96 2798 272 2883 ductasque
300 2799 359 2863 sub
387 2800 489 2884 signis
517 2802 707 2864 aenatorum
737 2800 885 2864 cohortes
912 2802 1067 2864 militasse
1080 2817 1108 2857 ³0

99 2955 304 2963 ——-—--..-.-

165 3056 182 3106 3
204 3058 232 3104 et
255 3057 305 3105 dcl.
324 3067 349 3102 w
378 3051 389 3118 ll
418 3056 434 3105 5
456 3053 603 3105 recidendo
623 3052 765 3102 Gronovius
783 3051 835 3101 oba.
855 3050 888 3100 II
910 3068 931 3102 e.
953 3055 1000 3101 22:
1028 3067 1066 3101 re·

94 3121 203 3172 iciendo
219 3123 247 3172 Ι
270 3120 281 3187 ΙΙ
305 3124 320 3172 7
339 3121 461 3171 nolentes
478 3124 513 3170 W
536 3118 545 3186 ΙΙ
575 3121 591 3170 8
610 3119 664 3168 dol.
685 3118 718 3167 de
736 3120 848 3184 priuata
867 3120 926 3169 edd.
945 3119 999 3168 dol.
1018 3120 1066 3168 sti·

94 3189 226 3255 pendinm
243 3190 355 3253 priuata
372 3189 449 3254 Oucp.
485 3189 496 3255 ll
531 3191 563 3239 12
585 3186 736 3246 solantem3
754 3190 788 3236 w
808 3203 888 3251 marp.
912 3181 942 3236 al
959 3185 1068 3236 soluen-

95 3261 155 3309 tem
184 3255 196 3321 l
225 3258 257 3306 13
279 3257 415 3322 ginnasiis
432 3257 464 3304 W
494 3255 504 3322 ΙΙ
535 3257 567 3307 18
591 3253 684 3319 quales
701 3255 849 3305 Liuineius:
876 3259 903 3304 et
926 3253 1020 3318 quales
1040 3255 1067 3301 Π

98 3320 111 3390 ΙΙ
141 3326 175 3374 21
197 3325 306 3375 aestiua
328 3351 362 3360 —
384 3323 475 3388 glacie
496 3326 555 3375 edd.
585 3319 595 3385 l
625 3323 657 3370 ‘22
681 3329 815 3387 augustus
837 3323 860 3372 Δ
889 3320 899 3386 l
929 3323 962 3370 24
983 3323 1069 3370 aesti-

93 3397 207 3443 mantes
229 3393 252 3440 A
273 3391 364 3442 Bm:
394 3408 440 3443 om.
463 3391 610 3440 ΜΠ]
633 3389 818 3440 metiebantur
840 3402 866 3438 v
897 3387 907 3454 ΙΙ
940 3389 973 3438 28
996 3389 1069 3453 peri·

95 3459 161 3509 cula
177 3460 200 3507 B
218 3461 235 3508 0
253 3459 275 3506 V
292 3460 326 3506 W
357 3456 368 3523 ΙΙ
402 3461 435 3508 29
458 3458 568 3510 delectu
584 3458 607 3504 Δ
639 3458 644 3520 Ι
676 3471 796 3523 ancupes
814 3471 839 3505 w
873 3454 883 3522 ΙΙ
917 3459 950 3508 30
967 3456 1068 3507 dictas-

95 3542 149 3593 que
166 3529 201 3575 W
