<?xml version="1.0" encoding="UTF-8"?>
<!DOCTYPE html PUBLIC "-//W3C//DTD XHTML 1.0 Transitional//EN"
    "http://www.w3.org/TR/xhtml1/DTD/xhtml1-transitional.dtd">
<html xmlns="http://www.w3.org/1999/xhtml" xml:lang="en" lang="en">
 <head>
  <title>
</title>
<meta http-equiv="Content-Type" content="text/html;charset=utf-8" />
  <meta name='ocr-system' content='tesseract 3.04.00' />
  <meta name='ocr-capabilities' content='ocr_page ocr_carea ocr_par ocr_line ocrx_word'/>
</head>
<body>
  <div class='ocr_page' id='page_1' title='image "./xiipanegyricila01baehgoog_0037.png"; bbox 0 0 2406 4012; ppageno 0'>
   <div class='ocr_carea' id='block_1_1' title="bbox 133 214 775 277">
    <p class='ocr_par' dir='ltr' id='par_1_1' title="bbox 133 214 775 277">
     <span class='ocr_line' id='line_1_1' title="bbox 133 214 775 277; baseline 0.011 -15"><span class='ocrx_word' id='word_1_1' title='bbox 133 214 155 277; x_wconf 83' lang='lat'>4</span> <span class='ocrx_word' id='word_1_2' title='bbox 460 217 481 266; x_wconf 91' lang='lat'><strong>1.</strong></span> <span class='ocrx_word' id='word_1_3' title='bbox 512 216 543 266; x_wconf 90' lang='lat' dir='ltr'><strong>c.</strong></span> <span class='ocrx_word' id='word_1_4' title='bbox 561 216 677 269; x_wconf 75' lang='lat' dir='ltr'><strong>PLINII</strong></span> <span class='ocrx_word' id='word_1_5' title='bbox 695 216 775 269; x_wconf 77' lang='lat' dir='ltr'><strong>anu.</strong></span> 
     </span>
    </p>
   </div>
   <div class='ocr_carea' id='block_1_2' title="bbox 95 363 1135 3063">
    <p class='ocr_par' dir='ltr' id='par_1_2' title="bbox 95 363 1135 3083">
     <span class='ocr_line' id='line_1_2' title="bbox 197 363 1101 451; baseline 0.006 -23"><span class='ocrx_word' id='word_1_6' title='bbox 197 363 254 430; x_wconf 89' lang='lat' dir='ltr'><strong>IV.</strong></span> <span class='ocrx_word' id='word_1_7' title='bbox 271 364 333 430; x_wconf 84' lang='lat' dir='ltr'><strong>Sed</strong></span> <span class='ocrx_word' id='word_1_8' title='bbox 345 365 521 447; x_wconf 91' lang='lat' dir='ltr'><strong>parendum</strong></span> <span class='ocrx_word' id='word_1_9' title='bbox 535 368 583 428; x_wconf 88' lang='lat' dir='ltr'><strong>est</strong></span> <span class='ocrx_word' id='word_1_10' title='bbox 598 368 725 428; x_wconf 91' lang='lat' dir='ltr'><strong>senatus</strong></span> <span class='ocrx_word' id='word_1_11' title='bbox 737 365 893 449; x_wconf 86' lang='lat' dir='ltr'><strong>consulto,</strong></span> <span class='ocrx_word' id='word_1_12' title='bbox 910 388 975 451; x_wconf 88' lang='lat' dir='ltr'><strong>quo</strong></span> <span class='ocrx_word' id='word_1_13' title='bbox 989 389 1030 432; x_wconf 88' lang='lat' dir='ltr'><strong>ex</strong></span> <span class='ocrx_word' id='word_1_14' title='bbox 1044 370 1101 433; x_wconf 90' lang='lat' dir='ltr'><strong>uti·</strong></span> 
     </span>
     <span class='ocr_line' id='line_1_3' title="bbox 133 448 1098 534; baseline 0.008 -24"><span class='ocrx_word' id='word_1_15' title='bbox 133 448 223 514; x_wconf 89' lang='lat' dir='ltr'><strong>litate</strong></span> <span class='ocrx_word' id='word_1_16' title='bbox 257 449 387 534; x_wconf 90' lang='lat' dir='ltr'><strong>publica</strong></span> <span class='ocrx_word' id='word_1_17' title='bbox 422 449 546 533; x_wconf 90' lang='lat' dir='ltr'><strong>placuit</strong></span> <span class='ocrx_word' id='word_1_18' title='bbox 573 451 609 512; x_wconf 90' lang='lat' dir='ltr'><strong>ut</strong></span> <span class='ocrx_word' id='word_1_19' title='bbox 632 449 770 514; x_wconf 89' lang='lat' dir='ltr'><strong>consulis</strong></span> <span class='ocrx_word' id='word_1_20' title='bbox 798 470 876 514; x_wconf 87' lang='lat' dir='ltr'><strong>uoce</strong></span> <span class='ocrx_word' id='word_1_21' title='bbox 910 452 970 516; x_wconf 88' lang='lat' dir='ltr'><strong>sub</strong></span> <span class='ocrx_word' id='word_1_22' title='bbox 1005 454 1098 518; x_wconf 90' lang='lat' dir='ltr'><strong>titulo</strong></span> 
     </span>
     <span class='ocr_line' id='line_1_4' title="bbox 132 532 1118 619; baseline 0.005 -22"><span class='ocrx_word' id='word_1_23' title='bbox 132 535 311 617; x_wconf 84' lang='lat' dir='ltr'><strong>gratiarum</strong></span> <span class='ocrx_word' id='word_1_24' title='bbox 333 534 530 618; x_wconf 86' lang='lat' dir='ltr'><strong>agendarum</strong></span> <span class='ocrx_word' id='word_1_25' title='bbox 556 532 634 603; x_wconf 88' lang='lat' dir='ltr'><strong>boni</strong></span> <span class='ocrx_word' id='word_1_26' title='bbox 662 534 824 617; x_wconf 85' lang='lat' dir='ltr'>principes</span> <span class='ocrx_word' id='word_1_27' title='bbox 847 557 928 619; x_wconf 89' lang='lat' dir='ltr'><strong>quae</strong></span> <span class='ocrx_word' id='word_1_28' title='bbox 956 536 1118 602; x_wconf 85' lang='lat' dir='ltr'><strong>facerent·-</strong></span> 
     </span>
     <span class='ocr_line' id='line_1_5' title="bbox 133 617 1098 701; baseline 0.007 -21"><span class='ocrx_word' id='word_1_29' title='bbox 133 620 409 701; x_wconf 81' lang='lat' dir='ltr'><strong>recognoscerent,</strong></span> <span class='ocrx_word' id='word_1_30' title='bbox 431 617 509 680; x_wconf 91' lang='lat' dir='ltr'><strong>mali</strong></span> <span class='ocrx_word' id='word_1_31' title='bbox 531 638 613 701; x_wconf 91' lang='lat' dir='ltr'><strong>quae</strong></span> <span class='ocrx_word' id='word_1_32' title='bbox 635 617 738 682; x_wconf 87' lang='lat' dir='ltr'><strong>faeere</strong></span> <span class='ocrx_word' id='word_1_33' title='bbox 762 617 925 684; x_wconf 84' lang='lat' dir='ltr'><strong>deberent.</strong></span> <span class='ocrx_word' id='word_1_34' title='bbox 959 620 993 685; x_wconf 92' lang='lat' dir='ltr'><strong>id</strong></span> <span class='ocrx_word' id='word_1_35' title='bbox 1015 643 1098 687; x_wconf 87' lang='lat' dir='ltr'><strong>nunc</strong></span> 
     </span>
     <span class='ocr_line' id='line_1_6' title="bbox 107 702 1097 789; baseline 0.008 -27"><span class='ocrx_word' id='word_1_36' title='bbox 107 723 170 766; x_wconf 77' lang='lat' dir='ltr'><strong>sco</strong></span> <span class='ocrx_word' id='word_1_37' title='bbox 192 702 295 786; x_wconf 83' lang='lat' dir='ltr'><strong>magis</strong></span> <span class='ocrx_word' id='word_1_38' title='bbox 319 702 471 765; x_wconf 89' lang='lat' dir='ltr'><strong>sollemne</strong></span> <span class='ocrx_word' id='word_1_39' title='bbox 500 723 539 765; x_wconf 89' lang='lat' dir='ltr'><strong>ac</strong></span> <span class='ocrx_word' id='word_1_40' title='bbox 559 703 779 765; x_wconf 89' lang='lat' dir='ltr'><strong>necessarium</strong></span> <span class='ocrx_word' id='word_1_41' title='bbox 802 707 851 767; x_wconf 90' lang='lat' dir='ltr'><strong>est</strong></span> <span class='ocrx_word' id='word_1_42' title='bbox 878 705 964 788; x_wconf 91' lang='lat' dir='ltr'><strong>quod</strong></span> <span class='ocrx_word' id='word_1_43' title='bbox 985 727 1097 789; x_wconf 80' lang='lat' dir='ltr'><strong>parens</strong></span> 
     </span>
     <span class='ocr_line' id='line_1_7' title="bbox 133 786 1098 871; baseline 0.006 -22"><span class='ocrx_word' id='word_1_44' title='bbox 133 790 242 850; x_wconf 88' lang='lat' dir='ltr'><strong>noster</strong></span> <span class='ocrx_word' id='word_1_45' title='bbox 264 786 408 869; x_wconf 88' lang='lat' dir='ltr'><strong>priuatas</strong></span> <span class='ocrx_word' id='word_1_46' title='bbox 435 786 610 871; x_wconf 85' lang='lat' dir='ltr'><strong>gratiarum</strong></span> <span class='ocrx_word' id='word_1_47' title='bbox 638 786 780 851; x_wconf 76' lang='lat' dir='ltr'><strong>actiones</strong></span> <span class='ocrx_word' id='word_1_48' title='bbox 809 788 938 852; x_wconf 75' lang='lat' dir='ltr'><strong>cohibet</strong></span> <span class='ocrx_word' id='word_1_49' title='bbox 963 795 998 854; x_wconf 89' lang='lat' dir='ltr'><strong>et</strong></span> <span class='ocrx_word' id='word_1_50' title='bbox 1019 811 1098 855; x_wconf 89' lang='lat' dir='ltr'><strong>corn·</strong></span> 
     </span>
     <span class='ocr_line' id='line_1_8' title="bbox 132 870 1098 956; baseline 0.005 -23"><span class='ocrx_word' id='word_1_51' title='bbox 132 870 251 953; x_wconf 89' lang='lat' dir='ltr'><strong>primit‚</strong></span> <span class='ocrx_word' id='word_1_52' title='bbox 280 870 511 935; x_wconf 69' lang='lat' dir='ltr'><strong>intercessurus</strong></span> <span class='ocrx_word' id='word_1_53' title='bbox 539 870 636 934; x_wconf 88' lang='lat' dir='ltr'><strong>etiam</strong></span> <span class='ocrx_word' id='word_1_54' title='bbox 663 870 810 954; x_wconf 82' lang='lat' dir='ltr'><strong>publicis,</strong></span> <span class='ocrx_word' id='word_1_55' title='bbox 844 872 872 936; x_wconf 86' lang='lat' dir='ltr'><strong>si</strong></span> <span class='ocrx_word' id='word_1_56' title='bbox 897 875 1098 956; x_wconf 90' lang='lat' dir='ltr'><strong>permitteret</strong></span> 
     </span>
     <span class='ocr_line' id='line_1_9' title="bbox 133 954 1099 1041; baseline 0.003 -23"><span class='ocrx_word' id='word_1_57' title='bbox 133 955 194 1019; x_wconf 89' lang='lat' dir='ltr'><strong>sibi</strong></span> <span class='ocrx_word' id='word_1_58' title='bbox 216 959 324 1020; x_wconf 90' lang='lat' dir='ltr'><strong>uetare</strong></span> <span class='ocrx_word' id='word_1_59' title='bbox 346 956 429 1039; x_wconf 89' lang='lat' dir='ltr'><strong>quod</strong></span> <span class='ocrx_word' id='word_1_60' title='bbox 452 957 583 1020; x_wconf 89' lang='lat' dir='ltr'><strong>senatus</strong></span> <span class='ocrx_word' id='word_1_61' title='bbox 612 954 745 1019; x_wconf 86' lang='lat' dir='ltr'><strong>iuberet.</strong></span> <span class='ocrx_word' id='word_1_62' title='bbox 782 959 962 1041; x_wconf 82' lang='lat' dir='ltr'><strong>utrumque,</strong></span> <span class='ocrx_word' id='word_1_63' title='bbox 986 957 1099 1023; x_wconf 79' lang='lat' dir='ltr'><strong>Caesar</strong></span> 
     </span>
     <span class='ocr_line' id='line_1_10' title="bbox 132 1039 1098 1127; baseline 0.005 -25"><span class='ocrx_word' id='word_1_64' title='bbox 132 1041 291 1124; x_wconf 84' lang='lat' dir='ltr'><strong>Auguste,</strong></span> <span class='ocrx_word' id='word_1_65' title='bbox 320 1040 492 1124; x_wconf 86' lang='lat' dir='ltr'><strong>moderate,</strong></span> <span class='ocrx_word' id='word_1_66' title='bbox 523 1043 556 1103; x_wconf 91' lang='lat' dir='ltr'><strong>et</strong></span> <span class='ocrx_word' id='word_1_67' title='bbox 583 1039 666 1123; x_wconf 90' lang='lat' dir='ltr'><strong>quod</strong></span> <span class='ocrx_word' id='word_1_68' title='bbox 697 1039 774 1103; x_wconf 88' lang='lat' dir='ltr'><strong>alibi</strong></span> <span class='ocrx_word' id='word_1_69' title='bbox 811 1040 871 1104; x_wconf 91' lang='lat' dir='ltr'><strong>tibi</strong></span> <span class='ocrx_word' id='word_1_70' title='bbox 897 1043 1022 1126; x_wconf 84' lang='lat' dir='ltr'><strong>gratias</strong></span> <span class='ocrx_word' id='word_1_71' title='bbox 1049 1043 1098 1127; x_wconf 82' lang='lat' dir='ltr'><strong>agi</strong></span> 
     </span>
     <span class='ocr_line' id='line_1_11' title="bbox 95 1123 1099 1210; baseline 0.007 -26"><span class='ocrx_word' id='word_1_72' title='bbox 95 1145 120 1183; x_wconf 79' lang='grc' dir='ltr'><strong>ιο</strong></span> <span class='ocrx_word' id='word_1_73' title='bbox 132 1145 199 1187; x_wconf 91' lang='lat' dir='ltr'><strong>non</strong></span> <span class='ocrx_word' id='word_1_74' title='bbox 226 1125 305 1187; x_wconf 90' lang='lat' dir='ltr'><strong>sinis</strong></span> <span class='ocrx_word' id='word_1_75' title='bbox 334 1126 366 1188; x_wconf 91' lang='lat' dir='ltr'><strong>ct</strong></span> <span class='ocrx_word' id='word_1_76' title='bbox 393 1124 477 1207; x_wconf 91' lang='lat' dir='ltr'><strong>quod</strong></span> <span class='ocrx_word' id='word_1_77' title='bbox 504 1123 557 1188; x_wconf 88' lang='lat' dir='ltr'><strong>hic</strong></span> <span class='ocrx_word' id='word_1_78' title='bbox 585 1125 673 1189; x_wconf 87' lang='lat' dir='ltr'><strong>sinis.</strong></span> <span class='ocrx_word' id='word_1_79' title='bbox 719 1145 787 1187; x_wconf 89' lang='lat' dir='ltr'><strong>non</strong></span> <span class='ocrx_word' id='word_1_80' title='bbox 813 1126 900 1189; x_wconf 89' lang='lat' dir='ltr'><strong>enirn</strong></span> <span class='ocrx_word' id='word_1_81' title='bbox 928 1147 947 1189; x_wconf 89' lang='lat' dir='ltr'><strong>a</strong></span> <span class='ocrx_word' id='word_1_82' title='bbox 974 1129 1007 1191; x_wconf 90' lang='lat' dir='ltr'><strong>te</strong></span> <span class='ocrx_word' id='word_1_83' title='bbox 1041 1126 1099 1210; x_wconf 82' lang='lat' dir='ltr'><strong>ipsi</strong></span> 
     </span>
     <span class='ocr_line' id='line_1_12' title="bbox 133 1206 1098 1292; baseline 0.004 -22"><span class='ocrx_word' id='word_1_84' title='bbox 133 1207 193 1270; x_wconf 92' lang='lat' dir='ltr'><strong>tibi</strong></span> <span class='ocrx_word' id='word_1_85' title='bbox 223 1206 324 1271; x_wconf 86' lang='lat' dir='ltr'><strong>honor</strong></span> <span class='ocrx_word' id='word_1_86' title='bbox 352 1208 413 1272; x_wconf 88' lang='lat' dir='ltr'><strong>iste</strong></span> <span class='ocrx_word' id='word_1_87' title='bbox 447 1208 502 1272; x_wconf 89' lang='lat' dir='ltr'><strong>sed</strong></span> <span class='ocrx_word' id='word_1_88' title='bbox 535 1209 704 1292; x_wconf 84' lang='lat' dir='ltr'><strong>agentibus</strong></span> <span class='ocrx_word' id='word_1_89' title='bbox 739 1208 885 1274; x_wconf 88' lang='lat' dir='ltr'><strong>habetur.</strong></span> <span class='ocrx_word' id='word_1_90' title='bbox 940 1211 1027 1274; x_wconf 88' lang='lat' dir='ltr'><strong>cedis</strong></span> <span class='ocrx_word' id='word_1_91' title='bbox 1056 1211 1098 1274; x_wconf 86' lang='lat' dir='ltr'><strong>af·</strong></span> 
     </span>
     <span class='ocr_line' id='line_1_13' title="bbox 133 1291 1096 1378; baseline 0.005 -24"><span class='ocrx_word' id='word_1_92' title='bbox 133 1291 269 1355; x_wconf 77' lang='lat' dir='ltr'><strong>lectibus</strong></span> <span class='ocrx_word' id='word_1_93' title='bbox 296 1292 426 1374; x_wconf 87' lang='lat' dir='ltr'><strong>nostris,</strong></span> <span class='ocrx_word' id='word_1_94' title='bbox 456 1313 516 1355; x_wconf 90' lang='lat' dir='ltr'><strong>nec</strong></span> <span class='ocrx_word' id='word_1_95' title='bbox 543 1293 638 1357; x_wconf 90' lang='lat' dir='ltr'><strong>nobis</strong></span> <span class='ocrx_word' id='word_1_96' title='bbox 660 1315 793 1357; x_wconf 90' lang='lat' dir='ltr'><strong>munera</strong></span> <span class='ocrx_word' id='word_1_97' title='bbox 821 1296 876 1358; x_wconf 88' lang='lat' dir='ltr'><strong>tua</strong></span> <span class='ocrx_word' id='word_1_98' title='bbox 904 1295 1096 1378; x_wconf 81' lang='lat' dir='ltr'><strong>praedicare,</strong></span> 
     </span>
     <span class='ocr_line' id='line_1_14' title="bbox 134 1376 1116 1463; baseline 0.005 -24"><span class='ocrx_word' id='word_1_99' title='bbox 134 1376 188 1439; x_wconf 89' lang='lat' dir='ltr'><strong>sed</strong></span> <span class='ocrx_word' id='word_1_100' title='bbox 211 1376 320 1440; x_wconf 90' lang='lat' dir='ltr'><strong>audire</strong></span> <span class='ocrx_word' id='word_1_101' title='bbox 341 1376 402 1439; x_wconf 91' lang='lat' dir='ltr'><strong>tibi</strong></span> <span class='ocrx_word' id='word_1_102' title='bbox 416 1398 546 1441; x_wconf 88' lang='lat' dir='ltr'><strong>neeesse</strong></span> <span class='ocrx_word' id='word_1_103' title='bbox 562 1380 619 1441; x_wconf 90' lang='lat' dir='ltr'><strong>est.</strong></span> <span class='ocrx_word' id='word_1_104' title='bbox 643 1399 736 1460; x_wconf 84' lang='lat' dir='ltr'><strong>saepe</strong></span> <span class='ocrx_word' id='word_1_105' title='bbox 752 1399 813 1462; x_wconf 85' lang='lat' dir='ltr'><strong>ego</strong></span> <span class='ocrx_word' id='word_1_106' title='bbox 835 1399 970 1461; x_wconf 89' lang='lat' dir='ltr'><strong>mecum,</strong></span> <span class='ocrx_word' id='word_1_107' title='bbox 993 1383 1116 1463; x_wconf 87' lang='lat' dir='ltr'><strong>patres-</strong></span> 
     </span>
     <span class='ocr_line' id='line_1_15' title="bbox 134 1460 1097 1546; baseline 0.004 -23"><span class='ocrx_word' id='word_1_108' title='bbox 134 1461 319 1543; x_wconf 86' lang='lat' dir='ltr'><strong>conscripti,</strong></span> <span class='ocrx_word' id='word_1_109' title='bbox 352 1460 468 1525; x_wconf 89' lang='lat' dir='ltr'><strong>tacitus</strong></span> <span class='ocrx_word' id='word_1_110' title='bbox 491 1461 615 1546; x_wconf 84' lang='lat' dir='ltr'><strong>agitaui</strong></span> <span class='ocrx_word' id='word_1_111' title='bbox 637 1462 763 1544; x_wconf 88' lang='lat' dir='ltr'><strong>qualem</strong></span> <span class='ocrx_word' id='word_1_112' title='bbox 785 1464 1004 1546; x_wconf 88' lang='lat' dir='ltr'><strong>quantumque</strong></span> <span class='ocrx_word' id='word_1_113' title='bbox 1032 1484 1097 1529; x_wconf 86' lang='lat' dir='ltr'><strong>esse</strong></span> 
     </span>
     <span class='ocr_line' id='line_1_16' title="bbox 95 1545 1097 1632; baseline 0.008 -28"><span class='ocrx_word' id='word_1_114' title='bbox 95 1565 119 1604; x_wconf 81' lang='lat' dir='ltr'><strong>rs</strong></span> <span class='ocrx_word' id='word_1_115' title='bbox 133 1549 294 1628; x_wconf 86' lang='lat' dir='ltr'><strong>oporteret</strong></span> <span class='ocrx_word' id='word_1_116' title='bbox 327 1545 415 1609; x_wconf 90' lang='lat' dir='ltr'><strong>cuius</strong></span> <span class='ocrx_word' id='word_1_117' title='bbox 438 1545 562 1610; x_wconf 90' lang='lat' dir='ltr'><strong>dicione</strong></span> <span class='ocrx_word' id='word_1_118' title='bbox 590 1548 732 1630; x_wconf 82' lang='lat' dir='ltr'><strong>nutuque</strong></span> <span class='ocrx_word' id='word_1_119' title='bbox 759 1547 862 1610; x_wconf 90' lang='lat' dir='ltr'><strong>maria</strong></span> <span class='ocrx_word' id='word_1_120' title='bbox 884 1550 1001 1630; x_wconf 84' lang='lat' dir='ltr'><strong>terrae,</strong></span> <span class='ocrx_word' id='word_1_121' title='bbox 1038 1569 1097 1632; x_wconf 84' lang='lat' dir='ltr'><strong>pax</strong></span> 
     </span>
     <span class='ocr_line' id='line_1_17' title="bbox 132 1629 1099 1717; baseline 0.003 -23"><span class='ocrx_word' id='word_1_122' title='bbox 132 1630 216 1694; x_wconf 87' lang='lat' dir='ltr'><strong>bella</strong></span> <span class='ocrx_word' id='word_1_123' title='bbox 237 1634 440 1715; x_wconf 79' lang='lat' dir='ltr'><strong>regerentur3</strong></span> <span class='ocrx_word' id='word_1_124' title='bbox 471 1652 542 1694; x_wconf 89' lang='lat' dir='ltr'><strong>curn</strong></span> <span class='ocrx_word' id='word_1_125' title='bbox 571 1630 693 1694; x_wconf 91' lang='lat' dir='ltr'><strong>interea</strong></span> <span class='ocrx_word' id='word_1_126' title='bbox 719 1631 855 1715; x_wconf 86' lang='lat' dir='ltr'><strong>fingenti</strong></span> <span class='ocrx_word' id='word_1_127' title='bbox 883 1629 1099 1717; x_wconf 89' lang='lat' dir='ltr'><strong>formantique</strong></span> 
     </span>
     <span class='ocr_line' id='line_1_18' title="bbox 131 1715 1097 1799; baseline 0.003 -21"><span class='ocrx_word' id='word_1_128' title='bbox 131 1715 212 1779; x_wconf 89' lang='lat' dir='ltr'><strong>mihi</strong></span> <span class='ocrx_word' id='word_1_129' title='bbox 245 1716 424 1798; x_wconf 90' lang='lat' dir='ltr'><strong>principem</strong></span> <span class='ocrx_word' id='word_1_130' title='bbox 463 1737 557 1799; x_wconf 89' lang='lat' dir='ltr'><strong>quem</strong></span> <span class='ocrx_word' id='word_1_131' title='bbox 595 1717 730 1799; x_wconf 90' lang='lat' dir='ltr'><strong>aequata</strong></span> <span class='ocrx_word' id='word_1_132' title='bbox 774 1715 822 1778; x_wconf 91' lang='lat' dir='ltr'><strong>dis</strong></span> <span class='ocrx_word' id='word_1_133' title='bbox 863 1715 1097 1781; x_wconf 85' lang='lat' dir='ltr'><strong>immortalibus</strong></span> 
     </span>
     <span class='ocr_line' id='line_1_19' title="bbox 132 1800 1096 1885; baseline 0.002 -23"><span class='ocrx_word' id='word_1_134' title='bbox 132 1802 274 1882; x_wconf 88' lang='lat' dir='ltr'><strong>potestas</strong></span> <span class='ocrx_word' id='word_1_135' title='bbox 303 1800 438 1881; x_wconf 87' lang='lat' dir='ltr'><strong>deceret,</strong></span> <span class='ocrx_word' id='word_1_136' title='bbox 467 1821 644 1882; x_wconf 83' lang='lat' dir='ltr'><strong>numquam</strong></span> <span class='ocrx_word' id='word_1_137' title='bbox 671 1803 745 1863; x_wconf 87' lang='lat' dir='ltr'><strong>uoto</strong></span> <span class='ocrx_word' id='word_1_138' title='bbox 781 1800 893 1863; x_wconf 89' lang='lat' dir='ltr'><strong>saltem</strong></span> <span class='ocrx_word' id='word_1_139' title='bbox 929 1801 1096 1885; x_wconf 87' lang='lat' dir='ltr'><strong>concipere</strong></span> 
     </span>
     <span class='ocr_line' id='line_1_20' title="bbox 134 1883 1098 1966; baseline 0.004 -21"><span class='ocrx_word' id='word_1_140' title='bbox 134 1884 290 1946; x_wconf 85' lang='lat' dir='ltr'><strong>succurrit</strong></span> <span class='ocrx_word' id='word_1_141' title='bbox 317 1883 453 1946; x_wconf 90' lang='lat' dir='ltr'><strong>similem</strong></span> <span class='ocrx_word' id='word_1_142' title='bbox 481 1883 555 1946; x_wconf 87' lang='lat' dir='ltr'><strong>huic</strong></span> <span class='ocrx_word' id='word_1_143' title='bbox 584 1905 678 1966; x_wconf 89' lang='lat' dir='ltr'><strong>quem</strong></span> <span class='ocrx_word' id='word_1_144' title='bbox 707 1883 859 1948; x_wconf 87' lang='lat' dir='ltr'><strong>uidemus.</strong></span> <span class='ocrx_word' id='word_1_145' title='bbox 897 1884 1015 1949; x_wconf 86' lang='lat' dir='ltr'><strong>enituit</strong></span> <span class='ocrx_word' id='word_1_146' title='bbox 1044 1885 1098 1949; x_wconf 88' lang='lat' dir='ltr'><strong>ali·</strong></span> 
     </span>
     <span class='ocr_line' id='line_1_21' title="bbox 96 1966 1097 2054; baseline 0.009 -30"><span class='ocrx_word' id='word_1_147' title='bbox 96 1985 121 2024; x_wconf 83' lang='lat' dir='ltr'><strong>ao</strong></span> <span class='ocrx_word' id='word_1_148' title='bbox 134 1966 204 2049; x_wconf 89' lang='lat' dir='ltr'><strong>quis</strong></span> <span class='ocrx_word' id='word_1_149' title='bbox 232 1967 267 2030; x_wconf 92' lang='lat' dir='ltr'><strong>in</strong></span> <span class='ocrx_word' id='word_1_150' title='bbox 295 1966 390 2048; x_wconf 86' lang='lat' dir='ltr'><strong>bello,</strong></span> <span class='ocrx_word' id='word_1_151' title='bbox 420 1966 475 2030; x_wconf 88' lang='lat' dir='ltr'><strong>sed</strong></span> <span class='ocrx_word' id='word_1_152' title='bbox 503 1967 661 2030; x_wconf 88' lang='lat' dir='ltr'><strong>obsoleuit</strong></span> <span class='ocrx_word' id='word_1_153' title='bbox 687 1968 721 2031; x_wconf 91' lang='lat' dir='ltr'><strong>in</strong></span> <span class='ocrx_word' id='word_1_154' title='bbox 752 1990 848 2052; x_wconf 89' lang='lat' dir='ltr'><strong>pace:</strong></span> <span class='ocrx_word' id='word_1_155' title='bbox 883 1968 982 2032; x_wconf 88' lang='lat' dir='ltr'><strong>alium</strong></span> <span class='ocrx_word' id='word_1_156' title='bbox 1009 1973 1097 2054; x_wconf 84' lang='lat' dir='ltr'><strong>toga,</strong></span> 
     </span>
     <span class='ocr_line' id='line_1_22' title="bbox 135 2050 1101 2118; baseline 0.005 -5"><span class='ocrx_word' id='word_1_157' title='bbox 135 2050 189 2114; x_wconf 90' lang='lat' dir='ltr'><strong>sed</strong></span> <span class='ocrx_word' id='word_1_158' title='bbox 212 2072 279 2114; x_wconf 90' lang='lat' dir='ltr'><strong>non</strong></span> <span class='ocrx_word' id='word_1_159' title='bbox 302 2053 335 2114; x_wconf 89' lang='lat' dir='ltr'><strong>et</strong></span> <span class='ocrx_word' id='word_1_160' title='bbox 356 2072 445 2114; x_wconf 87' lang='lat' dir='ltr'><strong>arma</strong></span> <span class='ocrx_word' id='word_1_161' title='bbox 467 2050 693 2116; x_wconf 88' lang='lat' dir='ltr'><strong>honestarunt:</strong></span> <span class='ocrx_word' id='word_1_162' title='bbox 721 2053 933 2116; x_wconf 87' lang='lat' dir='ltr'><strong>reuerentiam</strong></span> <span class='ocrx_word' id='word_1_163' title='bbox 960 2053 1017 2117; x_wconf 90' lang='lat' dir='ltr'><strong>ille</strong></span> <span class='ocrx_word' id='word_1_164' title='bbox 1039 2057 1101 2118; x_wconf 84' lang='lat' dir='ltr'><strong>ter·</strong></span> 
     </span>
     <span class='ocr_line' id='line_1_23' title="bbox 135 2135 1101 2222; baseline 0.004 -24"><span class='ocrx_word' id='word_1_165' title='bbox 135 2156 217 2218; x_wconf 82' lang='lat' dir='ltr'><strong>rore,</strong></span> <span class='ocrx_word' id='word_1_166' title='bbox 245 2135 328 2199; x_wconf 89' lang='lat' dir='ltr'><strong>alius</strong></span> <span class='ocrx_word' id='word_1_167' title='bbox 358 2156 499 2198; x_wconf 88' lang='lat' dir='ltr'><strong>amorem</strong></span> <span class='ocrx_word' id='word_1_168' title='bbox 526 2136 707 2200; x_wconf 87' lang='lat' dir='ltr'><strong>humilitate</strong></span> <span class='ocrx_word' id='word_1_169' title='bbox 737 2137 894 2220; x_wconf 79' lang='lat' dir='ltr'><strong>captarit:</strong></span> <span class='ocrx_word' id='word_1_170' title='bbox 923 2137 978 2201; x_wconf 91' lang='lat' dir='ltr'><strong>ille</strong></span> <span class='ocrx_word' id='word_1_171' title='bbox 1008 2159 1101 2222; x_wconf 79' lang='lat' dir='ltr'><strong>qnae</strong></span> 
     </span>
     <span class='ocr_line' id='line_1_24' title="bbox 135 2219 1101 2307; baseline 0.003 -24"><span class='ocrx_word' id='word_1_172' title='bbox 135 2220 230 2284; x_wconf 88' lang='lat' dir='ltr'><strong>sitam</strong></span> <span class='ocrx_word' id='word_1_173' title='bbox 253 2219 337 2284; x_wconf 85' lang='lat' dir='ltr'><strong>dorni</strong></span> <span class='ocrx_word' id='word_1_174' title='bbox 360 2220 497 2304; x_wconf 85' lang='lat' dir='ltr'><strong>gloriam</strong></span> <span class='ocrx_word' id='word_1_175' title='bbox 519 2220 553 2284; x_wconf 94' lang='lat' dir='ltr'><strong>in</strong></span> <span class='ocrx_word' id='word_1_176' title='bbox 575 2221 716 2304; x_wconf 86' lang='lat' dir='ltr'><strong>publice,</strong></span> <span class='ocrx_word' id='word_1_177' title='bbox 739 2220 793 2285; x_wconf 92' lang='lat' dir='ltr'><strong>hic</strong></span> <span class='ocrx_word' id='word_1_178' title='bbox 815 2222 850 2284; x_wconf 93' lang='lat' dir='ltr'><strong>in</strong></span> <span class='ocrx_word' id='word_1_179' title='bbox 871 2220 1003 2305; x_wconf 91' lang='lat' dir='ltr'><strong>publico</strong></span> <span class='ocrx_word' id='word_1_180' title='bbox 1033 2244 1101 2307; x_wconf 88' lang='lat' dir='ltr'><strong>par·</strong></span> 
     </span>
     <span class='ocr_line' id='line_1_25' title="bbox 134 2304 1102 2389; baseline 0.001 -20"><span class='ocrx_word' id='word_1_181' title='bbox 134 2307 202 2369; x_wconf 89' lang='lat' dir='ltr'><strong>tarn</strong></span> <span class='ocrx_word' id='word_1_182' title='bbox 230 2305 316 2370; x_wconf 91' lang='lat' dir='ltr'><strong>domi</strong></span> <span class='ocrx_word' id='word_1_183' title='bbox 342 2304 500 2389; x_wconf 89' lang='lat' dir='ltr'><strong>perdidit:</strong></span> <span class='ocrx_word' id='word_1_184' title='bbox 532 2309 692 2388; x_wconf 89' lang='lat' dir='ltr'><strong>postremo</strong></span> <span class='ocrx_word' id='word_1_185' title='bbox 727 2304 832 2369; x_wconf 87' lang='lat' dir='ltr'><strong>adhuc</strong></span> <span class='ocrx_word' id='word_1_186' title='bbox 864 2327 959 2369; x_wconf 90' lang='lat' dir='ltr'><strong>nemo</strong></span> <span class='ocrx_word' id='word_1_187' title='bbox 995 2308 1102 2372; x_wconf 86' lang='lat' dir='ltr'><strong>extitit</strong></span> 
     </span>
     <span class='ocr_line' id='line_1_26' title="bbox 96 2380 1135 2463; baseline 0.005 -14"><span class='ocrx_word' id='word_1_188' title='bbox 96 2408 121 2449; x_wconf 78' lang='lat'><strong>25</strong></span> <span class='ocrx_word' id='word_1_189' title='bbox 136 2391 224 2456; x_wconf 89' lang='lat' dir='ltr'><strong>cuius</strong></span> <span class='ocrx_word' id='word_1_190' title='bbox 251 2391 388 2455; x_wconf 89' lang='lat' dir='ltr'><strong>uirtutes</strong></span> <span class='ocrx_word' id='word_1_191' title='bbox 415 2388 503 2453; x_wconf 92' lang='lat' dir='ltr'><strong>nullo</strong></span> <span class='ocrx_word' id='word_1_192' title='bbox 536 2390 687 2454; x_wconf 90' lang='lat' dir='ltr'><strong>uitiorum</strong></span> <span class='ocrx_word' id='word_1_193' title='bbox 721 2390 859 2454; x_wconf 90' lang='lat' dir='ltr'><strong>confinio</strong></span> <span class='ocrx_word' id='word_1_194' title='bbox 888 2389 1101 2457; x_wconf 84' lang='lat' dir='ltr'><strong>laederentur.</strong></span> <span class='ocrx_word' id='word_1_195' title='bbox 1132 2380 1135 2463; x_wconf 74' lang='lat' dir='ltr'><strong>l</strong></span> 
     </span>
     <span class='ocr_line' id='line_1_27' title="bbox 135 2474 1135 2560; baseline -0.001 -20"><span class='ocrx_word' id='word_1_196' title='bbox 135 2479 170 2539; x_wconf 88' lang='lat' dir='ltr'><strong>at</strong></span> <span class='ocrx_word' id='word_1_197' title='bbox 190 2476 328 2560; x_wconf 91' lang='lat' dir='ltr'><strong>principi</strong></span> <span class='ocrx_word' id='word_1_198' title='bbox 351 2476 463 2539; x_wconf 89' lang='lat' dir='ltr'><strong>nostro</strong></span> <span class='ocrx_word' id='word_1_199' title='bbox 486 2478 604 2558; x_wconf 89' lang='lat' dir='ltr'><strong>quanta</strong></span> <span class='ocrx_word' id='word_1_200' title='bbox 626 2474 797 2538; x_wconf 89' lang='lat' dir='ltr'><strong>concordia</strong></span> <span class='ocrx_word' id='word_1_201' title='bbox 812 2477 1013 2557; x_wconf 87' lang='lat' dir='ltr'><strong>quantusque</strong></span> <span class='ocrx_word' id='word_1_202' title='bbox 1028 2496 1101 2539; x_wconf 88' lang='lat' dir='ltr'><strong>con·</strong></span> <span class='ocrx_word' id='word_1_203' title='bbox 1133 2512 1135 2557; x_wconf 66' lang='lat' dir='ltr'><strong>g</strong></span> 
     </span>
     <span class='ocr_line' id='line_1_28' title="bbox 136 2548 1135 2657; baseline 0 -35"><span class='ocrx_word' id='word_1_204' title='bbox 136 2565 248 2623; x_wconf 86' lang='lat' dir='ltr'><strong>centus</strong></span> <span class='ocrx_word' id='word_1_205' title='bbox 276 2562 419 2624; x_wconf 91' lang='lat' dir='ltr'><strong>omnium</strong></span> <span class='ocrx_word' id='word_1_206' title='bbox 445 2559 576 2622; x_wconf 90' lang='lat' dir='ltr'><strong>laudum</strong></span> <span class='ocrx_word' id='word_1_207' title='bbox 605 2559 770 2641; x_wconf 89' lang='lat' dir='ltr'><strong>omnisque</strong></span> <span class='ocrx_word' id='word_1_208' title='bbox 799 2548 921 2643; x_wconf 73' lang='lat' dir='ltr'><strong>gloriae</strong></span> <span class='ocrx_word' id='word_1_209' title='bbox 948 2558 1100 2657; x_wconf 76' lang='lat' dir='ltr'><strong>contigit!</strong></span> <span class='ocrx_word' id='word_1_210' title='bbox 1133 2580 1135 2605; x_wconf 79' lang='lat'>³</span> 
     </span>
     <span class='ocr_line' id='line_1_29' title="bbox 135 2642 1101 2727; baseline 0.002 -21"><span class='ocrx_word' id='word_1_211' title='bbox 135 2646 173 2706; x_wconf 92' lang='lat' dir='ltr'><strong>ut</strong></span> <span class='ocrx_word' id='word_1_212' title='bbox 186 2642 268 2706; x_wconf 91' lang='lat' dir='ltr'><strong>nihil</strong></span> <span class='ocrx_word' id='word_1_213' title='bbox 283 2644 446 2706; x_wconf 88' lang='lat' dir='ltr'><strong>seueritati</strong></span> <span class='ocrx_word' id='word_1_214' title='bbox 468 2642 535 2705; x_wconf 90' lang='lat' dir='ltr'><strong>eius</strong></span> <span class='ocrx_word' id='word_1_215' title='bbox 558 2642 730 2723; x_wconf 84' lang='lat' dir='ltr'><strong>hilaritate,</strong></span> <span class='ocrx_word' id='word_1_216' title='bbox 753 2643 836 2707; x_wconf 90' lang='lat' dir='ltr'><strong>nihil</strong></span> <span class='ocrx_word' id='word_1_217' title='bbox 857 2643 1013 2727; x_wconf 85' lang='lat' dir='ltr'><strong>grauitati</strong></span> <span class='ocrx_word' id='word_1_218' title='bbox 1030 2666 1101 2708; x_wconf 88' lang='lat' dir='ltr'><strong>srm-</strong></span> 
     </span>
     <span class='ocr_line' id='line_1_30' title="bbox 138 2725 1135 2809; baseline 0.003 -19"><span class='ocrx_word' id='word_1_219' title='bbox 138 2727 291 2809; x_wconf 87' lang='lat' dir='ltr'><strong>plieitate,</strong></span> <span class='ocrx_word' id='word_1_220' title='bbox 314 2725 395 2790; x_wconf 91' lang='lat' dir='ltr'><strong>nihil</strong></span> <span class='ocrx_word' id='word_1_221' title='bbox 416 2726 578 2790; x_wconf 86' lang='lat' dir='ltr'><strong>maiestati</strong></span> <span class='ocrx_word' id='word_1_222' title='bbox 600 2726 800 2791; x_wconf 85' lang='lat' dir='ltr'><strong>humanitate</strong></span> <span class='ocrx_word' id='word_1_223' title='bbox 823 2725 1016 2792; x_wconf 87' lang='lat' dir='ltr'><strong>detrahitur!</strong></span> <span class='ocrx_word' id='word_1_224' title='bbox 1039 2730 1102 2792; x_wconf 86' lang='lat' dir='ltr'><strong>iarn</strong></span> <span class='ocrx_word' id='word_1_225' title='bbox 1132 2738 1135 2747; x_wconf 93' lang='lat'>&#39;</span> 
     </span>
     <span class='ocr_line' id='line_1_31' title="bbox 98 2810 1135 2897; baseline 0.007 -26"><span class='ocrx_word' id='word_1_226' title='bbox 98 2833 124 2871; x_wconf 76' lang='lat' dir='ltr'><strong>au</strong></span> <span class='ocrx_word' id='word_1_227' title='bbox 138 2810 282 2891; x_wconf 87' lang='lat' dir='ltr'><strong>firmitas,</strong></span> <span class='ocrx_word' id='word_1_228' title='bbox 306 2811 370 2873; x_wconf 90' lang='lat' dir='ltr'><strong>iam</strong></span> <span class='ocrx_word' id='word_1_229' title='bbox 392 2811 565 2892; x_wconf 89' lang='lat' dir='ltr'><strong>proceritas</strong></span> <span class='ocrx_word' id='word_1_230' title='bbox 589 2812 741 2896; x_wconf 84' lang='lat' dir='ltr'><strong>corporis,</strong></span> <span class='ocrx_word' id='word_1_231' title='bbox 769 2811 834 2875; x_wconf 87' lang='lat' dir='ltr'><strong>iam</strong></span> <span class='ocrx_word' id='word_1_232' title='bbox 856 2810 960 2876; x_wconf 89' lang='lat' dir='ltr'><strong>honor</strong></span> <span class='ocrx_word' id='word_1_233' title='bbox 988 2813 1102 2897; x_wconf 86' lang='lat' dir='ltr'><strong>capitis</strong></span> <span class='ocrx_word' id='word_1_234' title='bbox 1129 2814 1135 2879; x_wconf 74' lang='grc' dir='ltr'>Ξ</span> 
     </span>
     <span class='ocr_line' id='line_1_32' title="bbox 137 2894 1135 2979; baseline 0.003 -20"><span class='ocrx_word' id='word_1_235' title='bbox 137 2899 170 2959; x_wconf 87' lang='lat' dir='ltr'><strong>et</strong></span> <span class='ocrx_word' id='word_1_236' title='bbox 191 2895 331 2979; x_wconf 83' lang='lat' dir='ltr'><strong>dignitas</strong></span> <span class='ocrx_word' id='word_1_237' title='bbox 354 2897 429 2978; x_wconf 83' lang='lat' dir='ltr'><strong>oris,</strong></span> <span class='ocrx_word' id='word_1_238' title='bbox 452 2894 492 2957; x_wconf 88' lang='lat' dir='ltr'><strong>ad</strong></span> <span class='ocrx_word' id='word_1_239' title='bbox 514 2895 574 2959; x_wconf 92' lang='lat' dir='ltr'><strong>hoc</strong></span> <span class='ocrx_word' id='word_1_240' title='bbox 598 2897 712 2960; x_wconf 88' lang='lat' dir='ltr'><strong>aetatis</strong></span> <span class='ocrx_word' id='word_1_241' title='bbox 741 2896 905 2960; x_wconf 86' lang='lat' dir='ltr'><strong>indefecta</strong></span> <span class='ocrx_word' id='word_1_242' title='bbox 931 2898 1102 2961; x_wconf 83' lang='lat' dir='ltr'><strong>maturitas</strong></span> <span class='ocrx_word' id='word_1_243' title='bbox 1131 2900 1135 2923; x_wconf 88' lang='lat'><strong>¹</strong></span> 
     </span>
     <span class='ocr_line' id='line_1_33' title="bbox 137 2978 1102 3063; baseline 0.003 -20"><span class='ocrx_word' id='word_1_244' title='bbox 137 3001 197 3043; x_wconf 91' lang='lat' dir='ltr'><strong>nec</strong></span> <span class='ocrx_word' id='word_1_245' title='bbox 219 2980 289 3044; x_wconf 89' lang='lat' dir='ltr'><strong>sine</strong></span> <span class='ocrx_word' id='word_1_246' title='bbox 311 2978 449 3063; x_wconf 87' lang='lat' dir='ltr'><strong>quodam</strong></span> <span class='ocrx_word' id='word_1_247' title='bbox 474 3001 605 3044; x_wconf 89' lang='lat' dir='ltr'><strong>munere</strong></span> <span class='ocrx_word' id='word_1_248' title='bbox 628 2980 722 3045; x_wconf 90' lang='lat' dir='ltr'><strong>deum</strong></span> <span class='ocrx_word' id='word_1_249' title='bbox 744 2980 907 3045; x_wconf 87' lang='lat' dir='ltr'><strong>festinatis</strong></span> <span class='ocrx_word' id='word_1_250' title='bbox 929 2982 1102 3046; x_wconf 84' lang='lat' dir='ltr'><strong>senectutis</strong></span> 
     </span>
    </p>
   </div>
   <div class='ocr_carea' id='block_1_3' title="bbox 137 3132 1107 3592">
    <p class='ocr_par' dir='ltr' id='par_1_3' title="bbox 137 3132 1107 3592">
     <span class='ocr_line' id='line_1_34' title="bbox 203 3132 1102 3201; baseline -0.002 -15"><span class='ocrx_word' id='word_1_251' title='bbox 203 3139 216 3186; x_wconf 91' lang='lat'>1</span> <span class='ocrx_word' id='word_1_252' title='bbox 236 3151 289 3200; x_wconf 91' lang='lat' dir='ltr'><strong>quo</strong></span> <span class='ocrx_word' id='word_1_253' title='bbox 307 3137 355 3184; x_wconf 82' lang='lat' dir='ltr'><strong>W:</strong></span> <span class='ocrx_word' id='word_1_254' title='bbox 373 3134 445 3200; x_wconf 89' lang='lat' dir='ltr'><strong>quod</strong></span> <span class='ocrx_word' id='word_1_255' title='bbox 461 3135 546 3183; x_wconf 69' lang='grc' dir='ltr'><strong>ΒΗ</strong></span> <span class='ocrx_word' id='word_1_256' title='bbox 569 3132 580 3200; x_wconf 86' lang='grc' dir='ltr'><strong>ΙΙ</strong></span> <span class='ocrx_word' id='word_1_257' title='bbox 604 3137 636 3184; x_wconf 88' lang='grc'><strong>10</strong></span> <span class='ocrx_word' id='word_1_258' title='bbox 653 3135 707 3199; x_wconf 88' lang='lat' dir='ltr'><strong>ipsi</strong></span> <span class='ocrx_word' id='word_1_259' title='bbox 725 3135 899 3186; x_wconf 80' lang='lat' dir='ltr'><strong>Sclwurzr&#39;us:</strong></span> <span class='ocrx_word' id='word_1_260' title='bbox 916 3135 977 3200; x_wconf 87' lang='lat' dir='ltr'><strong>ipso</strong></span> <span class='ocrx_word' id='word_1_261' title='bbox 996 3135 1052 3201; x_wconf 71' lang='grc' dir='ltr'><strong>ΙΙΙ</strong></span> <span class='ocrx_word' id='word_1_262' title='bbox 1075 3137 1102 3185; x_wconf 88' lang='grc'><strong>11</strong></span> 
     </span>
     <span class='ocr_line' id='line_1_35' title="bbox 139 3200 1105 3269; baseline 0.001 -16"><span class='ocrx_word' id='word_1_263' title='bbox 139 3200 286 3269; x_wconf 84' lang='lat' dir='ltr'><strong>agentibus</strong></span> <span class='ocrx_word' id='word_1_264' title='bbox 305 3202 479 3252; x_wconf 72' lang='lat' dir='ltr'><strong>Schwarzr‘us:</strong></span> <span class='ocrx_word' id='word_1_265' title='bbox 497 3203 532 3252; x_wconf 89' lang='lat' dir='ltr'><strong>ab</strong></span> <span class='ocrx_word' id='word_1_266' title='bbox 551 3203 697 3268; x_wconf 81' lang='lat' dir='ltr'><strong>agentibus</strong></span> <span class='ocrx_word' id='word_1_267' title='bbox 714 3204 742 3251; x_wconf 79' lang='lat'><strong>11</strong></span> <span class='ocrx_word' id='word_1_268' title='bbox 757 3200 767 3267; x_wconf 77' lang='grc' dir='ltr'><strong>ΙΙ</strong></span> <span class='ocrx_word' id='word_1_269' title='bbox 786 3206 818 3253; x_wconf 89' lang='grc'><strong>14</strong></span> <span class='ocrx_word' id='word_1_270' title='bbox 836 3203 946 3269; x_wconf 88' lang='lat' dir='ltr'><strong>qualem</strong></span> <span class='ocrx_word' id='word_1_271' title='bbox 963 3218 998 3252; x_wconf 86' lang='lat' dir='ltr'><strong>ac</strong></span> <span class='ocrx_word' id='word_1_272' title='bbox 1017 3218 1105 3267; x_wconf 84' lang='lat' dir='ltr'><strong>quan·</strong></span> 
     </span>
     <span class='ocr_line' id='line_1_36' title="bbox 137 3267 1105 3336; baseline 0.001 -16"><span class='ocrx_word' id='word_1_273' title='bbox 137 3276 194 3321; x_wconf 89' lang='lat' dir='ltr'><strong>tum</strong></span> <span class='ocrx_word' id='word_1_274' title='bbox 214 3285 238 3319; x_wconf 83' lang='lat' dir='ltr'><strong>w</strong></span> <span class='ocrx_word' id='word_1_275' title='bbox 255 3268 265 3336; x_wconf 93' lang='grc' dir='ltr'><strong>ΙΙ</strong></span> <span class='ocrx_word' id='word_1_276' title='bbox 284 3273 316 3321; x_wconf 78' lang='grc'><strong>20</strong></span> <span class='ocrx_word' id='word_1_277' title='bbox 335 3269 471 3320; x_wconf 84' lang='lat' dir='ltr'><strong>absoleuit</strong></span> <span class='ocrx_word' id='word_1_278' title='bbox 489 3271 507 3317; x_wconf 77' lang='lat' dir='ltr'><strong>G</strong></span> <span class='ocrx_word' id='word_1_279' title='bbox 525 3270 566 3331; x_wconf 78' lang='lat' dir='ltr'><strong>W,</strong></span> <span class='ocrx_word' id='word_1_280' title='bbox 583 3272 632 3320; x_wconf 82' lang='lat' dir='ltr'><strong>sed</strong></span> <span class='ocrx_word' id='word_1_281' title='bbox 647 3271 673 3319; x_wconf 81' lang='lat' dir='ltr'><strong>in</strong></span> <span class='ocrx_word' id='word_1_282' title='bbox 691 3271 739 3320; x_wconf 80' lang='lat' dir='ltr'><strong>lroc</strong></span> <span class='ocrx_word' id='word_1_283' title='bbox 756 3287 823 3323; x_wconf 78' lang='lat' dir='ltr'><strong>corr.</strong></span> <span class='ocrx_word' id='word_1_284' title='bbox 842 3288 899 3321; x_wconf 80' lang='lat' dir='ltr'><strong>man</strong></span> <span class='ocrx_word' id='word_1_285' title='bbox 916 3287 970 3324; x_wconf 86' lang='lat' dir='ltr'><strong>rec.</strong></span> <span class='ocrx_word' id='word_1_286' title='bbox 983 3267 994 3335; x_wconf 89' lang='grc' dir='ltr'><strong>ΙΙ</strong></span> <span class='ocrx_word' id='word_1_287' title='bbox 1007 3273 1041 3322; x_wconf 77' lang='grc'><strong>23</strong></span> <span class='ocrx_word' id='word_1_288' title='bbox 1059 3271 1105 3321; x_wconf 86' lang='lat' dir='ltr'><strong>hic</strong></span> 
     </span>
     <span class='ocr_line' id='line_1_37' title="bbox 139 3334 1106 3404; baseline 0.001 -18"><span class='ocrx_word' id='word_1_289' title='bbox 139 3340 168 3386; x_wconf 90' lang='lat' dir='ltr'><strong>in</strong></span> <span class='ocrx_word' id='word_1_290' title='bbox 185 3339 295 3401; x_wconf 88' lang='lat' dir='ltr'><strong>publico</strong></span> <span class='ocrx_word' id='word_1_291' title='bbox 314 3340 345 3386; x_wconf 76' lang='lat' dir='ltr'><strong>G:</strong></span> <span class='ocrx_word' id='word_1_292' title='bbox 365 3353 410 3390; x_wconf 87' lang='lat' dir='ltr'><strong>om.</strong></span> <span class='ocrx_word' id='word_1_293' title='bbox 429 3338 450 3386; x_wconf 83' lang='lat' dir='ltr'>B</span> <span class='ocrx_word' id='word_1_294' title='bbox 468 3338 490 3385; x_wconf 85' lang='lat' dir='ltr'>V</span> <span class='ocrx_word' id='word_1_295' title='bbox 505 3337 538 3386; x_wconf 83' lang='lat' dir='ltr'>W</span> <span class='ocrx_word' id='word_1_296' title='bbox 561 3334 572 3404; x_wconf 85' lang='grc' dir='ltr'><strong>ΙΙ</strong></span> <span class='ocrx_word' id='word_1_297' title='bbox 595 3338 628 3386; x_wconf 80' lang='lat'><strong>26</strong></span> <span class='ocrx_word' id='word_1_298' title='bbox 649 3343 820 3403; x_wconf 83' lang='lat' dir='ltr'><strong>contemptus</strong></span> <span class='ocrx_word' id='word_1_299' title='bbox 838 3352 863 3386; x_wconf 81' lang='lat' dir='ltr'><strong>w</strong></span> <span class='ocrx_word' id='word_1_300' title='bbox 887 3335 897 3404; x_wconf 86' lang='grc' dir='ltr'><strong>ΙΙ</strong></span> <span class='ocrx_word' id='word_1_301' title='bbox 920 3340 953 3388; x_wconf 79' lang='grc'><strong>29</strong></span> <span class='ocrx_word' id='word_1_302' title='bbox 977 3339 1019 3388; x_wconf 86' lang='lat' dir='ltr'><strong>ita</strong></span> <span class='ocrx_word' id='word_1_303' title='bbox 1037 3336 1106 3389; x_wconf 81' lang='lat' dir='ltr'><strong>nihil</strong></span> 
     </span>
     <span class='ocr_line' id='line_1_38' title="bbox 139 3402 1106 3470; baseline 0.004 -18"><span class='ocrx_word' id='word_1_304' title='bbox 139 3406 204 3458; x_wconf 85' lang='lat' dir='ltr'><strong>mal.</strong></span> <span class='ocrx_word' id='word_1_305' title='bbox 222 3418 247 3452; x_wconf 81' lang='lat' dir='ltr'><strong>w</strong></span> <span class='ocrx_word' id='word_1_306' title='bbox 267 3411 326 3469; x_wconf 79' lang='lat' dir='ltr'><strong>post</strong></span> <span class='ocrx_word' id='word_1_307' title='bbox 343 3421 397 3456; x_wconf 80' lang='lat' dir='ltr'><strong>rac.</strong></span> <span class='ocrx_word' id='word_1_308' title='bbox 417 3408 451 3455; x_wconf 81' lang='lat'><strong>20</strong></span> <span class='ocrx_word' id='word_1_309' title='bbox 469 3407 517 3455; x_wconf 79' lang='lat' dir='ltr'><strong>lice.</strong></span> <span class='ocrx_word' id='word_1_310' title='bbox 542 3402 552 3470; x_wconf 80' lang='grc' dir='ltr'><strong>ΙΙ</strong></span> <span class='ocrx_word' id='word_1_311' title='bbox 576 3407 608 3456; x_wconf 84' lang='grc'><strong>31</strong></span> <span class='ocrx_word' id='word_1_312' title='bbox 631 3403 775 3454; x_wconf 84' lang='lat' dir='ltr'><strong>indefecta</strong></span> <span class='ocrx_word' id='word_1_313' title='bbox 791 3409 899 3470; x_wconf 72' lang='lat' dir='ltr'><strong>scripsi:</strong></span> <span class='ocrx_word' id='word_1_314' title='bbox 921 3404 1062 3456; x_wconf 87' lang='lat' dir='ltr'><strong>indeflexa</strong></span> <span class='ocrx_word' id='word_1_315' title='bbox 1079 3406 1106 3455; x_wconf 78' lang='lat'>1</span> 
     </span>
     <span class='ocr_line' id='line_1_39' title="bbox 139 3469 1107 3539; baseline 0.006 -19"><span class='ocrx_word' id='word_1_316' title='bbox 139 3472 241 3522; x_wconf 86' lang='lat' dir='ltr'><strong>inflexa</strong></span> <span class='ocrx_word' id='word_1_317' title='bbox 258 3472 406 3524; x_wconf 81' lang='lat' dir='ltr'><strong>Beroaldus</strong></span> <span class='ocrx_word' id='word_1_318' title='bbox 423 3472 566 3523; x_wconf 86' lang='lat' dir='ltr'><strong>indefessa</strong></span> <span class='ocrx_word' id='word_1_319' title='bbox 582 3473 723 3522; x_wconf 73' lang='lat' dir='ltr'><strong>Paroreius</strong></span> <span class='ocrx_word' id='word_1_320' title='bbox 739 3469 749 3537; x_wconf 77' lang='lat' dir='ltr'>ss</span> <span class='ocrx_word' id='word_1_321' title='bbox 766 3475 798 3523; x_wconf 79' lang='lat'><strong>32</strong></span> <span class='ocrx_word' id='word_1_322' title='bbox 816 3473 959 3524; x_wconf 84' lang='lat' dir='ltr'><strong>festinatis</strong></span> <span class='ocrx_word' id='word_1_323' title='bbox 978 3488 1009 3539; x_wconf 76' lang='grc' dir='ltr'><strong>ςτ</strong></span> <span class='ocrx_word' id='word_1_324' title='bbox 1029 3474 1107 3526; x_wconf 80' lang='lat' dir='ltr'><strong>festi·</strong></span> 
     </span>
     <span class='ocr_line' id='line_1_40' title="bbox 140 3540 286 3592; baseline 0.027 -4"><span class='ocrx_word' id='word_1_325' title='bbox 140 3540 232 3592; x_wconf 86' lang='lat' dir='ltr'><strong>nantis</strong></span> <span class='ocrx_word' id='word_1_326' title='bbox 249 3543 286 3592; x_wconf 74' lang='grc' dir='ltr'><strong>Η.</strong></span> 
     </span>
    </p>
   </div>
   <div class='ocr_carea' id='block_1_4' title="bbox 0 0 1220 4012">
    <p class='ocr_par' dir='ltr' id='par_1_4' title="bbox 0 0 1220 4012">
     <span class='ocr_line' id='line_1_41' title="bbox 0 0 1220 4012; baseline 0 0"><span class='ocrx_word' id='word_1_327' title='bbox 0 0 1220 4012; x_wconf 95' lang='lat' dir='ltr'><strong> </strong></span> 
     </span>
    </p>
   </div>
  </div>
 </body>
</html>
