<?xml version="1.0" encoding="UTF-8"?>
<!DOCTYPE html PUBLIC "-//W3C//DTD XHTML 1.0 Transitional//EN"
    "http://www.w3.org/TR/xhtml1/DTD/xhtml1-transitional.dtd">
<html xmlns="http://www.w3.org/1999/xhtml" xml:lang="en" lang="en">
 <head>
  <title>
</title>
<meta http-equiv="Content-Type" content="text/html;charset=utf-8" />
  <meta name='ocr-system' content='tesseract 3.04.00' />
  <meta name='ocr-capabilities' content='ocr_page ocr_carea ocr_par ocr_line ocrx_word'/>
</head>
<body>
  <div class='ocr_page' id='page_1' title='image "./xiipanegyricila01baehgoog_0283.png"; bbox 0 0 2406 4012; ppageno 0'>
   <div class='ocr_carea' id='block_1_1' title="bbox 131 205 760 275">
    <p class='ocr_par' dir='ltr' id='par_1_1' title="bbox 131 205 760 275">
     <span class='ocr_line' id='line_1_1' title="bbox 131 205 760 275; baseline -0.027 -1"><span class='ocrx_word' id='word_1_1' title='bbox 131 212 195 275; x_wconf 77' lang='lat'>250</span> <span class='ocrx_word' id='word_1_2' title='bbox 472 209 520 258; x_wconf 87' lang='lat' dir='ltr'>xr.</span> <span class='ocrx_word' id='word_1_3' title='bbox 551 205 760 259; x_wconf 75' lang='lat' dir='ltr'>arsunarrsr</span> 
     </span>
    </p>
   </div>
   <div class='ocr_carea' id='block_1_2' title="bbox 96 356 1133 3143">
    <p class='ocr_par' dir='ltr' id='par_1_2' title="bbox 96 356 1133 3143">
     <span class='ocr_line' id='line_1_2' title="bbox 132 356 1088 444; baseline -0.003 -19"><span class='ocrx_word' id='word_1_4' title='bbox 132 361 250 425; x_wconf 82' lang='lat' dir='ltr'>suffieit</span> <span class='ocrx_word' id='word_1_5' title='bbox 266 359 405 444; x_wconf 82' lang='lat' dir='ltr'>principi</span> <span class='ocrx_word' id='word_1_6' title='bbox 427 361 536 421; x_wconf 88' lang='lat' dir='ltr'>nostro</span> <span class='ocrx_word' id='word_1_7' title='bbox 558 356 768 439; x_wconf 87' lang='lat' dir='ltr'>reipublicae</span> <span class='ocrx_word' id='word_1_8' title='bbox 790 378 855 420; x_wconf 91' lang='lat' dir='ltr'>una</span> <span class='ocrx_word' id='word_1_9' title='bbox 876 357 1005 422; x_wconf 87' lang='lat' dir='ltr'>ratione</span> <span class='ocrx_word' id='word_1_10' title='bbox 1027 380 1088 422; x_wconf 90' lang='lat' dir='ltr'>oon·</span> 
     </span>
     <span class='ocr_line' id='line_1_3' title="bbox 133 442 1089 526; baseline -0.001 -17"><span class='ocrx_word' id='word_1_11' title='bbox 133 447 244 510; x_wconf 86' lang='lat' dir='ltr'>sulere.</span> <span class='ocrx_word' id='word_1_12' title='bbox 289 443 390 507; x_wconf 88' lang='lat' dir='ltr'>multa</span> <span class='ocrx_word' id='word_1_13' title='bbox 412 442 530 525; x_wconf 87' lang='lat' dir='ltr'>pariter</span> <span class='ocrx_word' id='word_1_14' title='bbox 558 442 744 526; x_wconf 84' lang='lat' dir='ltr'>aggreditur</span> <span class='ocrx_word' id='word_1_15' title='bbox 766 445 879 525; x_wconf 89' lang='lat' dir='ltr'>pectus</span> <span class='ocrx_word' id='word_1_16' title='bbox 909 442 1009 507; x_wconf 89' lang='lat' dir='ltr'>nullis</span> <span class='ocrx_word' id='word_1_17' title='bbox 1033 464 1089 507; x_wconf 89' lang='lat' dir='ltr'>um·</span> 
     </span>
     <span class='ocr_line' id='line_1_4' title="bbox 132 526 1133 614; baseline -0.004 -20"><span class='ocrx_word' id='word_1_18' title='bbox 132 553 227 614; x_wconf 91' lang='lat' dir='ltr'>quam</span> <span class='ocrx_word' id='word_1_19' title='bbox 241 529 401 592; x_wconf 81' lang='lat' dir='ltr'>laboribus</span> <span class='ocrx_word' id='word_1_20' title='bbox 416 527 597 610; x_wconf 85' lang='lat' dir='ltr'>fatigatum.</span> <span class='ocrx_word' id='word_1_21' title='bbox 627 530 663 589; x_wconf 87' lang='lat' dir='ltr'>ut</span> <span class='ocrx_word' id='word_1_22' title='bbox 681 548 744 589; x_wconf 92' lang='lat' dir='ltr'>uno</span> <span class='ocrx_word' id='word_1_23' title='bbox 768 526 942 609; x_wconf 88' lang='lat' dir='ltr'>eodemque</span> <span class='ocrx_word' id='word_1_24' title='bbox 957 530 1089 611; x_wconf 86' lang='lat' dir='ltr'>temporo</span> <span class='ocrx_word' id='word_1_25' title='bbox 1123 526 1133 605; x_wconf 66' lang='lat' dir='ltr'>l</span> 
     </span>
     <span class='ocr_line' id='line_1_5' title="bbox 133 610 1133 696; baseline 0 -17"><span class='ocrx_word' id='word_1_26' title='bbox 133 620 165 678; x_wconf 88' lang='lat' dir='ltr'>et</span> <span class='ocrx_word' id='word_1_27' title='bbox 188 616 392 696; x_wconf 77' lang='lat' dir='ltr'>componeret</span> <span class='ocrx_word' id='word_1_28' title='bbox 413 611 638 674; x_wconf 89' lang='lat' dir='ltr'>fidissimarum</span> <span class='ocrx_word' id='word_1_29' title='bbox 660 610 902 693; x_wconf 89' lang='lat' dir='ltr'>prouinciarum</span> <span class='ocrx_word' id='word_1_30' title='bbox 924 614 1045 677; x_wconf 87' lang='lat' dir='ltr'>statum</span> <span class='ocrx_word' id='word_1_31' title='bbox 1064 614 1091 675; x_wconf 91' lang='lat' dir='ltr'>et</span> <span class='ocrx_word' id='word_1_32' title='bbox 1129 616 1133 679; x_wconf 71' lang='grc' dir='ltr'>ἕ</span> 
     </span>
     <span class='ocr_line' id='line_1_6' title="bbox 107 695 1133 778; baseline -0.001 -18"><span class='ocrx_word' id='word_1_33' title='bbox 107 721 119 760; x_wconf 82' lang='lat' dir='ltr'>s</span> <span class='ocrx_word' id='word_1_34' title='bbox 133 696 312 763; x_wconf 88' lang='lat' dir='ltr'>barbariam</span> <span class='ocrx_word' id='word_1_35' title='bbox 328 717 454 760; x_wconf 90' lang='lat' dir='ltr'>omnem</span> <span class='ocrx_word' id='word_1_36' title='bbox 478 696 604 758; x_wconf 89' lang='lat' dir='ltr'>admoto</span> <span class='ocrx_word' id='word_1_37' title='bbox 618 695 749 777; x_wconf 86' lang='lat' dir='ltr'>propius</span> <span class='ocrx_word' id='word_1_38' title='bbox 764 697 886 759; x_wconf 88' lang='lat' dir='ltr'>terrore</span> <span class='ocrx_word' id='word_1_39' title='bbox 902 696 1090 778; x_wconf 80' lang='lat' dir='ltr'>percelleret,</span> <span class='ocrx_word' id='word_1_40' title='bbox 1129 697 1133 737; x_wconf 76' lang='lat'>³</span> 
     </span>
     <span class='ocr_line' id='line_1_7' title="bbox 133 778 1090 867; baseline -0.003 -21"><span class='ocrx_word' id='word_1_41' title='bbox 133 782 320 867; x_wconf 87' lang='lat' dir='ltr'>longissimo</span> <span class='ocrx_word' id='word_1_42' title='bbox 358 801 451 843; x_wconf 86' lang='lat' dir='ltr'>cursu</span> <span class='ocrx_word' id='word_1_43' title='bbox 487 778 634 842; x_wconf 81' lang='lat' dir='ltr'>Histrum</span> <span class='ocrx_word' id='word_1_44' title='bbox 671 779 794 862; x_wconf 81' lang='lat' dir='ltr'>placuit</span> <span class='ocrx_word' id='word_1_45' title='bbox 829 780 993 863; x_wconf 87' lang='lat' dir='ltr'>nauigari.</span> <span class='ocrx_word' id='word_1_46' title='bbox 1042 802 1090 864; x_wconf 86' lang='lat' dir='ltr'>pro</span> 
     </span>
     <span class='ocr_line' id='line_1_8' title="bbox 133 863 1090 948; baseline -0.001 -18"><span class='ocrx_word' id='word_1_47' title='bbox 133 872 244 930; x_wconf 87' lang='lat' dir='ltr'>saneta</span> <span class='ocrx_word' id='word_1_48' title='bbox 258 865 424 929; x_wconf 86' lang='lat' dir='ltr'>diuinitas!</span> <span class='ocrx_word' id='word_1_49' title='bbox 450 885 530 946; x_wconf 84' lang='lat' dir='ltr'>quae</span> <span class='ocrx_word' id='word_1_50' title='bbox 550 863 773 946; x_wconf 81' lang='lat' dir='ltr'>nauigationis·</span> <span class='ocrx_word' id='word_1_51' title='bbox 791 864 878 928; x_wconf 86' lang='lat' dir='ltr'>illius</span> <span class='ocrx_word' id='word_1_52' title='bbox 894 864 958 928; x_wconf 84' lang='lat' dir='ltr'>fuit</span> <span class='ocrx_word' id='word_1_53' title='bbox 974 887 1090 948; x_wconf 83' lang='lat' dir='ltr'>pompa,</span> 
     </span>
     <span class='ocr_line' id='line_1_9' title="bbox 133 947 1133 1033; baseline -0.001 -18"><span class='ocrx_word' id='word_1_54' title='bbox 133 974 204 1016; x_wconf 90' lang='lat' dir='ltr'>cum</span> <span class='ocrx_word' id='word_1_55' title='bbox 237 949 447 1014; x_wconf 85' lang='lat' dir='ltr'>dexteriorem</span> <span class='ocrx_word' id='word_1_56' title='bbox 483 948 586 1011; x_wconf 90' lang='lat' dir='ltr'>incliti</span> <span class='ocrx_word' id='word_1_57' title='bbox 618 948 757 1011; x_wconf 91' lang='lat' dir='ltr'>fluminis</span> <span class='ocrx_word' id='word_1_58' title='bbox 793 947 901 1031; x_wconf 83' lang='lat' dir='ltr'>ripum</span> <span class='ocrx_word' id='word_1_59' title='bbox 937 950 1092 1033; x_wconf 83' lang='lat' dir='ltr'>utriusque</span> <span class='ocrx_word' id='word_1_60' title='bbox 1130 972 1133 978; x_wconf 91' lang='lat'>·</span> 
     </span>
     <span class='ocr_line' id='line_1_10' title="bbox 134 1033 1092 1117; baseline -0.002 -18"><span class='ocrx_word' id='word_1_61' title='bbox 134 1057 236 1117; x_wconf 83' lang='lat' dir='ltr'>sexus,</span> <span class='ocrx_word' id='word_1_62' title='bbox 261 1034 403 1098; x_wconf 91' lang='lat' dir='ltr'>omnium</span> <span class='ocrx_word' id='word_1_63' title='bbox 426 1033 583 1114; x_wconf 87' lang='lat' dir='ltr'>ordinum,</span> <span class='ocrx_word' id='word_1_64' title='bbox 608 1035 803 1095; x_wconf 87' lang='lat' dir='ltr'>armatorum</span> <span class='ocrx_word' id='word_1_65' title='bbox 819 1036 916 1116; x_wconf 82' lang='lat' dir='ltr'>atque</span> <span class='ocrx_word' id='word_1_66' title='bbox 930 1034 1092 1098; x_wconf 88' lang='lat' dir='ltr'>inermium</span> 
     </span>
     <span class='ocr_line' id='line_1_11' title="bbox 96 1116 1092 1204; baseline 0 -23"><span class='ocrx_word' id='word_1_67' title='bbox 96 1144 120 1181; x_wconf 84' lang='grc' dir='ltr'>ιο</span> <span class='ocrx_word' id='word_1_68' title='bbox 134 1123 303 1204; x_wconf 79' lang='lat' dir='ltr'>perpetuus</span> <span class='ocrx_word' id='word_1_69' title='bbox 333 1119 409 1181; x_wconf 89' lang='lat' dir='ltr'>ordo</span> <span class='ocrx_word' id='word_1_70' title='bbox 430 1120 645 1199; x_wconf 83' lang='lat' dir='ltr'>praetexeret,</span> <span class='ocrx_word' id='word_1_71' title='bbox 675 1116 890 1199; x_wconf 87' lang='lat' dir='ltr'>despiceretur</span> <span class='ocrx_word' id='word_1_72' title='bbox 914 1118 953 1181; x_wconf 85' lang='lat' dir='ltr'>ad</span> <span class='ocrx_word' id='word_1_73' title='bbox 978 1119 1092 1182; x_wconf 88' lang='lat' dir='ltr'>laeuam</span> 
     </span>
     <span class='ocr_line' id='line_1_12' title="bbox 134 1201 1093 1284; baseline -0.003 -16"><span class='ocrx_word' id='word_1_74' title='bbox 134 1208 167 1268; x_wconf 93' lang='lat' dir='ltr'>in</span> <span class='ocrx_word' id='word_1_75' title='bbox 193 1202 390 1266; x_wconf 83' lang='lat' dir='ltr'>miserabiles</span> <span class='ocrx_word' id='word_1_76' title='bbox 417 1222 526 1283; x_wconf 82' lang='lat' dir='ltr'>preces</span> <span class='ocrx_word' id='word_1_77' title='bbox 555 1223 641 1284; x_wconf 84' lang='lat' dir='ltr'>genu</span> <span class='ocrx_word' id='word_1_78' title='bbox 668 1201 744 1263; x_wconf 88' lang='lat' dir='ltr'>nixa</span> <span class='ocrx_word' id='word_1_79' title='bbox 770 1201 945 1264; x_wconf 83' lang='lat' dir='ltr'>barbaria?</span> <span class='ocrx_word' id='word_1_80' title='bbox 993 1223 1093 1267; x_wconf 89' lang='lat' dir='ltr'>omnes</span> 
     </span>
     <span class='ocr_line' id='line_1_13' title="bbox 133 1284 1093 1369; baseline -0.001 -19"><span class='ocrx_word' id='word_1_81' title='bbox 133 1289 227 1351; x_wconf 89' lang='lat' dir='ltr'>urbes</span> <span class='ocrx_word' id='word_1_82' title='bbox 250 1307 329 1369; x_wconf 88' lang='lat' dir='ltr'>quae</span> <span class='ocrx_word' id='word_1_83' title='bbox 351 1284 535 1349; x_wconf 91' lang='lat' dir='ltr'>Danuuium</span> <span class='ocrx_word' id='word_1_84' title='bbox 563 1285 710 1349; x_wconf 90' lang='lat' dir='ltr'>incolunt</span> <span class='ocrx_word' id='word_1_85' title='bbox 732 1285 852 1364; x_wconf 87' lang='lat' dir='ltr'>aditae,</span> <span class='ocrx_word' id='word_1_86' title='bbox 881 1287 1028 1351; x_wconf 90' lang='lat' dir='ltr'>omnium</span> <span class='ocrx_word' id='word_1_87' title='bbox 1048 1308 1093 1349; x_wconf 86' lang='lat' dir='ltr'>au-</span> 
     </span>
     <span class='ocr_line' id='line_1_14' title="bbox 134 1370 1093 1453; baseline 0.002 -20"><span class='ocrx_word' id='word_1_88' title='bbox 134 1373 200 1435; x_wconf 82' lang='lat' dir='ltr'>dita</span> <span class='ocrx_word' id='word_1_89' title='bbox 226 1370 368 1450; x_wconf 86' lang='lat' dir='ltr'>decreta,</span> <span class='ocrx_word' id='word_1_90' title='bbox 398 1370 495 1432; x_wconf 89' lang='lat' dir='ltr'>leuati</span> <span class='ocrx_word' id='word_1_91' title='bbox 524 1372 625 1433; x_wconf 88' lang='lat' dir='ltr'>status</span> <span class='ocrx_word' id='word_1_92' title='bbox 653 1370 913 1453; x_wconf 77' lang='lat' dir='ltr'>instaurataeque</span> <span class='ocrx_word' id='word_1_93' title='bbox 941 1370 1093 1453; x_wconf 81' lang='lat' dir='ltr'>fortunae,</span> 
     </span>
     <span class='ocr_line' id='line_1_15' title="bbox 133 1453 1094 1539; baseline -0.003 -19"><span class='ocrx_word' id='word_1_94' title='bbox 133 1453 420 1521; x_wconf 89' lang='lat' dir='ltr'>innumerabilibus</span> <span class='ocrx_word' id='word_1_95' title='bbox 439 1453 583 1517; x_wconf 88' lang='lat' dir='ltr'>barbaris</span> <span class='ocrx_word' id='word_1_96' title='bbox 606 1454 681 1517; x_wconf 87' lang='lat' dir='ltr'>data</span> <span class='ocrx_word' id='word_1_97' title='bbox 702 1455 797 1518; x_wconf 88' lang='lat' dir='ltr'>uenia</span> <span class='ocrx_word' id='word_1_98' title='bbox 818 1458 851 1519; x_wconf 89' lang='lat' dir='ltr'>et</span> <span class='ocrx_word' id='word_1_99' title='bbox 872 1476 993 1520; x_wconf 92' lang='lat' dir='ltr'>munus</span> <span class='ocrx_word' id='word_1_100' title='bbox 1014 1456 1094 1539; x_wconf 84' lang='lat' dir='ltr'>pacis</span> 
     </span>
     <span class='ocr_line' id='line_1_16' title="bbox 97 1539 1093 1623; baseline 0.004 -23"><span class='ocrx_word' id='word_1_101' title='bbox 97 1541 304 1615; x_wconf 71' lang='lat' dir='ltr'>sindultum.</span> <span class='ocrx_word' id='word_1_102' title='bbox 350 1539 404 1622; x_wconf 92' lang='lat' dir='ltr'>qui</span> <span class='ocrx_word' id='word_1_103' title='bbox 425 1539 683 1621; x_wconf 88' lang='lat' dir='ltr'>properationem</span> <span class='ocrx_word' id='word_1_104' title='bbox 710 1539 797 1602; x_wconf 92' lang='lat' dir='ltr'>illam</span> <span class='ocrx_word' id='word_1_105' title='bbox 820 1541 1093 1623; x_wconf 87' lang='lat' dir='ltr'>contemplabitur,</span> 
     </span>
     <span class='ocr_line' id='line_1_17' title="bbox 133 1624 1095 1709; baseline -0.003 -20"><span class='ocrx_word' id='word_1_106' title='bbox 133 1625 215 1689; x_wconf 92' lang='lat' dir='ltr'>nihil</span> <span class='ocrx_word' id='word_1_107' title='bbox 238 1626 341 1709; x_wconf 84' lang='lat' dir='ltr'>egisse</span> <span class='ocrx_word' id='word_1_108' title='bbox 364 1627 491 1708; x_wconf 85' lang='lat' dir='ltr'>praeter</span> <span class='ocrx_word' id='word_1_109' title='bbox 516 1624 602 1686; x_wconf 91' lang='lat' dir='ltr'>uiam</span> <span class='ocrx_word' id='word_1_110' title='bbox 624 1624 848 1706; x_wconf 84' lang='lat' dir='ltr'>imperatorem</span> <span class='ocrx_word' id='word_1_111' title='bbox 869 1626 1015 1709; x_wconf 83' lang='lat' dir='ltr'>putabit3</span> <span class='ocrx_word' id='word_1_112' title='bbox 1047 1626 1095 1708; x_wconf 89' lang='lat' dir='ltr'>qui</span> 
     </span>
     <span class='ocr_line' id='line_1_18' title="bbox 134 1707 1095 1795; baseline -0.001 -21"><span class='ocrx_word' id='word_1_113' title='bbox 134 1714 296 1795; x_wconf 81' lang='lat' dir='ltr'>gestarum</span> <span class='ocrx_word' id='word_1_114' title='bbox 323 1731 430 1773; x_wconf 88' lang='lat' dir='ltr'>rerum</span> <span class='ocrx_word' id='word_1_115' title='bbox 458 1707 695 1771; x_wconf 89' lang='lat' dir='ltr'>multitudinem</span> <span class='ocrx_word' id='word_1_116' title='bbox 725 1708 956 1792; x_wconf 89' lang='lat' dir='ltr'>considerabit,</span> <span class='ocrx_word' id='word_1_117' title='bbox 989 1730 1095 1793; x_wconf 78' lang='lat' dir='ltr'>prope</span> 
     </span>
     <span class='ocr_line' id='line_1_19' title="bbox 134 1793 445 1858; baseline -0.006 0"><span class='ocrx_word' id='word_1_118' title='bbox 134 1817 220 1858; x_wconf 87' lang='lat' dir='ltr'>rasse</span> <span class='ocrx_word' id='word_1_119' title='bbox 241 1817 307 1858; x_wconf 91' lang='lat' dir='ltr'>non</span> <span class='ocrx_word' id='word_1_120' title='bbox 330 1793 445 1858; x_wconf 87' lang='lat' dir='ltr'>credet.</span> 
     </span>
     <span class='ocr_line' id='line_1_20' title="bbox 197 1874 1095 1958; baseline -0.002 -17"><span class='ocrx_word' id='word_1_121' title='bbox 197 1878 287 1942; x_wconf 88' lang='lat' dir='ltr'><strong>VIII.</strong></span> <span class='ocrx_word' id='word_1_122' title='bbox 325 1879 351 1941; x_wconf 92' lang='grc' dir='ltr'>Ο</span> <span class='ocrx_word' id='word_1_123' title='bbox 375 1876 527 1940; x_wconf 85' lang='lat' dir='ltr'>facundia</span> <span class='ocrx_word' id='word_1_124' title='bbox 549 1879 664 1958; x_wconf 90' lang='lat' dir='ltr'>potens</span> <span class='ocrx_word' id='word_1_125' title='bbox 688 1874 838 1940; x_wconf 83' lang='lat' dir='ltr'>Graecia!</span> <span class='ocrx_word' id='word_1_126' title='bbox 866 1877 1011 1941; x_wconf 90' lang='lat' dir='ltr'>omnium</span> <span class='ocrx_word' id='word_1_127' title='bbox 1033 1880 1095 1941; x_wconf 90' lang='lat' dir='ltr'>tuo-</span> 
     </span>
     <span class='ocr_line' id='line_1_21' title="bbox 96 1960 1096 2045; baseline 0.002 -22"><span class='ocrx_word' id='word_1_128' title='bbox 96 1983 121 2023; x_wconf 81' lang='lat' dir='ltr'>ao</span> <span class='ocrx_word' id='word_1_129' title='bbox 134 1983 204 2024; x_wconf 88' lang='lat' dir='ltr'>rum</span> <span class='ocrx_word' id='word_1_130' title='bbox 218 1962 399 2043; x_wconf 90' lang='lat' dir='ltr'>principum</span> <span class='ocrx_word' id='word_1_131' title='bbox 415 1964 507 2044; x_wconf 83' lang='lat' dir='ltr'>gesta</span> <span class='ocrx_word' id='word_1_132' title='bbox 528 1961 563 2023; x_wconf 93' lang='lat' dir='ltr'>in</span> <span class='ocrx_word' id='word_1_133' title='bbox 578 1960 680 2023; x_wconf 86' lang='lat' dir='ltr'>maius</span> <span class='ocrx_word' id='word_1_134' title='bbox 699 1960 851 2023; x_wconf 85' lang='lat' dir='ltr'>extollere</span> <span class='ocrx_word' id='word_1_135' title='bbox 872 1961 941 2023; x_wconf 86' lang='lat' dir='ltr'>sola</span> <span class='ocrx_word' id='word_1_136' title='bbox 955 1960 1096 2045; x_wconf 79' lang='lat' dir='ltr'>potuisti,</span> 
     </span>
     <span class='ocr_line' id='line_1_22' title="bbox 134 2044 1096 2129; baseline 0.001 -21"><span class='ocrx_word' id='word_1_137' title='bbox 134 2046 203 2108; x_wconf 89' lang='lat' dir='ltr'>sola</span> <span class='ocrx_word' id='word_1_138' title='bbox 231 2044 388 2108; x_wconf 86' lang='lat' dir='ltr'>factorum</span> <span class='ocrx_word' id='word_1_139' title='bbox 414 2045 534 2127; x_wconf 82' lang='lat' dir='ltr'>glorias</span> <span class='ocrx_word' id='word_1_140' title='bbox 564 2044 604 2106; x_wconf 87' lang='lat' dir='ltr'>ad</span> <span class='ocrx_word' id='word_1_141' title='bbox 632 2044 801 2109; x_wconf 86' lang='lat' dir='ltr'>uerborum</span> <span class='ocrx_word' id='word_1_142' title='bbox 829 2045 954 2127; x_wconf 88' lang='lat' dir='ltr'>copiam</span> <span class='ocrx_word' id='word_1_143' title='bbox 1023 2066 1096 2129; x_wconf 87' lang='lat' dir='ltr'>pcn-</span> 
     </span>
     <span class='ocr_line' id='line_1_23' title="bbox 134 2129 1096 2211; baseline 0.001 -20"><span class='ocrx_word' id='word_1_144' title='bbox 134 2129 218 2193; x_wconf 89' lang='lat' dir='ltr'>disti.</span> <span class='ocrx_word' id='word_1_145' title='bbox 246 2132 282 2192; x_wconf 89' lang='lat' dir='ltr'>tu</span> <span class='ocrx_word' id='word_1_146' title='bbox 304 2149 420 2191; x_wconf 87' lang='lat' dir='ltr'>nauem</span> <span class='ocrx_word' id='word_1_147' title='bbox 442 2150 540 2191; x_wconf 89' lang='lat' dir='ltr'>unam</span> <span class='ocrx_word' id='word_1_148' title='bbox 557 2132 688 2211; x_wconf 88' lang='lat' dir='ltr'>propter</span> <span class='ocrx_word' id='word_1_149' title='bbox 710 2130 815 2193; x_wconf 89' lang='lat' dir='ltr'>aurati</span> <span class='ocrx_word' id='word_1_150' title='bbox 835 2129 964 2193; x_wconf 89' lang='lat' dir='ltr'>uelleris</span> <span class='ocrx_word' id='word_1_151' title='bbox 996 2135 1096 2195; x_wconf 90' lang='lat' dir='ltr'>urtum</span> 
     </span>
     <span class='ocr_line' id='line_1_24' title="bbox 135 2213 1096 2298; baseline -0.002 -19"><span class='ocrx_word' id='word_1_152' title='bbox 135 2220 167 2279; x_wconf 86' lang='lat' dir='ltr'>et</span> <span class='ocrx_word' id='word_1_153' title='bbox 188 2215 323 2298; x_wconf 83' lang='lat' dir='ltr'>uirginis</span> <span class='ocrx_word' id='word_1_154' title='bbox 345 2218 472 2295; x_wconf 90' lang='lat' dir='ltr'>raptum</span> <span class='ocrx_word' id='word_1_155' title='bbox 501 2213 536 2276; x_wconf 91' lang='lat' dir='ltr'>in</span> <span class='ocrx_word' id='word_1_156' title='bbox 560 2214 681 2276; x_wconf 85' lang='lat' dir='ltr'>caelum</span> <span class='ocrx_word' id='word_1_157' title='bbox 709 2235 808 2297; x_wconf 88' lang='lat' dir='ltr'>usque</span> <span class='ocrx_word' id='word_1_158' title='bbox 837 2214 999 2278; x_wconf 86' lang='lat' dir='ltr'>sublatam</span> <span class='ocrx_word' id='word_1_159' title='bbox 1021 2214 1096 2278; x_wconf 88' lang='lat' dir='ltr'>side·</span> 
     </span>
     <span class='ocr_line' id='line_1_25' title="bbox 134 2298 1095 2381; baseline -0.001 -19"><span class='ocrx_word' id='word_1_160' title='bbox 134 2300 221 2364; x_wconf 88' lang='lat' dir='ltr'>ribus</span> <span class='ocrx_word' id='word_1_161' title='bbox 250 2298 452 2363; x_wconf 85' lang='lat' dir='ltr'>consecrasti.</span> <span class='ocrx_word' id='word_1_162' title='bbox 496 2302 532 2362; x_wconf 85' lang='lat' dir='ltr'>tu</span> <span class='ocrx_word' id='word_1_163' title='bbox 556 2319 704 2381; x_wconf 89' lang='lat' dir='ltr'>puerum,</span> <span class='ocrx_word' id='word_1_164' title='bbox 733 2299 935 2363; x_wconf 89' lang='lat' dir='ltr'>inuentorem</span> <span class='ocrx_word' id='word_1_165' title='bbox 962 2298 1095 2380; x_wconf 87' lang='lat' dir='ltr'>serendi,</span> 
     </span>
     <span class='ocr_line' id='line_1_26' title="bbox 96 2383 1096 2449; baseline 0.002 -6"><span class='ocrx_word' id='word_1_166' title='bbox 96 2404 121 2443; x_wconf 82' lang='lat' dir='ltr'>ss</span> <span class='ocrx_word' id='word_1_167' title='bbox 135 2385 307 2449; x_wconf 89' lang='lat' dir='ltr'>draconum</span> <span class='ocrx_word' id='word_1_168' title='bbox 337 2384 447 2446; x_wconf 86' lang='lat' dir='ltr'>alitum</span> <span class='ocrx_word' id='word_1_169' title='bbox 476 2404 571 2446; x_wconf 89' lang='lat' dir='ltr'>curru</span> <span class='ocrx_word' id='word_1_170' title='bbox 598 2383 763 2447; x_wconf 85' lang='lat' dir='ltr'>uolantem</span> <span class='ocrx_word' id='word_1_171' title='bbox 791 2383 914 2446; x_wconf 89' lang='lat' dir='ltr'>semina</span> <span class='ocrx_word' id='word_1_172' title='bbox 941 2383 977 2447; x_wconf 92' lang='lat' dir='ltr'>in</span> <span class='ocrx_word' id='word_1_173' title='bbox 999 2388 1096 2448; x_wconf 84' lang='lat' dir='ltr'>terras</span> 
     </span>
     <span class='ocr_line' id='line_1_27' title="bbox 135 2467 1096 2551; baseline 0 -20"><span class='ocrx_word' id='word_1_174' title='bbox 135 2470 286 2551; x_wconf 82' lang='lat' dir='ltr'>sparsisse</span> <span class='ocrx_word' id='word_1_175' title='bbox 308 2468 446 2533; x_wconf 85' lang='lat' dir='ltr'>iactasti.</span> <span class='ocrx_word' id='word_1_176' title='bbox 475 2467 550 2550; x_wconf 92' lang='lat' dir='ltr'>quid</span> <span class='ocrx_word' id='word_1_177' title='bbox 565 2469 601 2530; x_wconf 90' lang='lat' dir='ltr'>tu</span> <span class='ocrx_word' id='word_1_178' title='bbox 624 2467 651 2529; x_wconf 89' lang='lat' dir='ltr'>si</span> <span class='ocrx_word' id='word_1_179' title='bbox 674 2468 715 2531; x_wconf 88' lang='lat' dir='ltr'>ad</span> <span class='ocrx_word' id='word_1_180' title='bbox 730 2467 915 2532; x_wconf 87' lang='lat' dir='ltr'>scribendas</span> <span class='ocrx_word' id='word_1_181' title='bbox 938 2468 1096 2531; x_wconf 88' lang='lat' dir='ltr'>celebran-</span> 
     </span>
     <span class='ocr_line' id='line_1_28' title="bbox 135 2551 1097 2638; baseline 0.001 -22"><span class='ocrx_word' id='word_1_182' title='bbox 135 2554 252 2638; x_wconf 83' lang='lat' dir='ltr'>dasque</span> <span class='ocrx_word' id='word_1_183' title='bbox 274 2575 324 2616; x_wconf 90' lang='lat' dir='ltr'>res</span> <span class='ocrx_word' id='word_1_184' title='bbox 345 2552 500 2634; x_wconf 89' lang='lat' dir='ltr'>principis</span> <span class='ocrx_word' id='word_1_185' title='bbox 522 2551 625 2614; x_wconf 88' lang='lat' dir='ltr'>nostri</span> <span class='ocrx_word' id='word_1_186' title='bbox 647 2553 789 2616; x_wconf 86' lang='lat' dir='ltr'>animum</span> <span class='ocrx_word' id='word_1_187' title='bbox 812 2551 976 2635; x_wconf 78' lang='lat' dir='ltr'>adieceriS,</span> <span class='ocrx_word' id='word_1_188' title='bbox 1000 2553 1038 2616; x_wconf 88' lang='lat' dir='ltr'>de</span> <span class='ocrx_word' id='word_1_189' title='bbox 1051 2552 1097 2617; x_wconf 91' lang='lat' dir='ltr'>Iu·</span> 
     </span>
     <span class='ocr_line' id='line_1_29' title="bbox 135 2636 1096 2720; baseline 0.001 -22"><span class='ocrx_word' id='word_1_190' title='bbox 135 2636 214 2699; x_wconf 81' lang='lat' dir='ltr'>lieni</span> <span class='ocrx_word' id='word_1_191' title='bbox 237 2636 350 2700; x_wconf 88' lang='lat' dir='ltr'>lembis</span> <span class='ocrx_word' id='word_1_192' title='bbox 365 2636 562 2718; x_wconf 88' lang='lat' dir='ltr'>liburnisque</span> <span class='ocrx_word' id='word_1_193' title='bbox 583 2636 711 2700; x_wconf 90' lang='lat' dir='ltr'>factura</span> <span class='ocrx_word' id='word_1_194' title='bbox 733 2636 790 2700; x_wconf 81' lang='lat' dir='ltr'>es?</span> <span class='ocrx_word' id='word_1_195' title='bbox 814 2657 893 2720; x_wconf 85' lang='lat' dir='ltr'>quae</span> <span class='ocrx_word' id='word_1_196' title='bbox 915 2657 983 2701; x_wconf 92' lang='lat' dir='ltr'>non</span> <span class='ocrx_word' id='word_1_197' title='bbox 1006 2636 1096 2702; x_wconf 93' lang='lat' dir='ltr'>modo</span> 
     </span>
     <span class='ocr_line' id='line_1_30' title="bbox 134 2718 1097 2806; baseline 0.005 -26"><span class='ocrx_word' id='word_1_198' title='bbox 134 2718 216 2781; x_wconf 89' lang='lat' dir='ltr'>nihil</span> <span class='ocrx_word' id='word_1_199' title='bbox 239 2720 388 2800; x_wconf 87' lang='lat' dir='ltr'>cuiquam</span> <span class='ocrx_word' id='word_1_200' title='bbox 415 2719 560 2781; x_wconf 87' lang='lat' dir='ltr'>adimunt</span> <span class='ocrx_word' id='word_1_201' title='bbox 587 2742 690 2805; x_wconf 89' lang='lat' dir='ltr'>neque</span> <span class='ocrx_word' id='word_1_202' title='bbox 717 2722 812 2784; x_wconf 89' lang='lat' dir='ltr'>urbes</span> <span class='ocrx_word' id='word_1_203' title='bbox 834 2720 980 2802; x_wconf 88' lang='lat' dir='ltr'>hospitas</span> <span class='ocrx_word' id='word_1_204' title='bbox 1002 2742 1097 2806; x_wconf 91' lang='lat' dir='ltr'>popu-</span> 
     </span>
     <span class='ocr_line' id='line_1_31' title="bbox 96 2801 1097 2890; baseline 0.007 -27"><span class='ocrx_word' id='word_1_205' title='bbox 96 2824 122 2863; x_wconf 81' lang='lat' dir='ltr'>so</span> <span class='ocrx_word' id='word_1_206' title='bbox 135 2802 219 2882; x_wconf 90' lang='lat' dir='ltr'>lant,</span> <span class='ocrx_word' id='word_1_207' title='bbox 251 2801 306 2864; x_wconf 88' lang='lat' dir='ltr'>sed</span> <span class='ocrx_word' id='word_1_208' title='bbox 330 2801 413 2864; x_wconf 89' lang='lat' dir='ltr'>ultro</span> <span class='ocrx_word' id='word_1_209' title='bbox 439 2802 586 2866; x_wconf 88' lang='lat' dir='ltr'>omnibus</span> <span class='ocrx_word' id='word_1_210' title='bbox 608 2806 734 2888; x_wconf 90' lang='lat' dir='ltr'>populis</span> <span class='ocrx_word' id='word_1_211' title='bbox 760 2805 982 2869; x_wconf 86' lang='lat' dir='ltr'>immunitates</span> <span class='ocrx_word' id='word_1_212' title='bbox 1005 2804 1097 2890; x_wconf 90' lang='lat' dir='ltr'>priui-</span> 
     </span>
     <span class='ocr_line' id='line_1_32' title="bbox 134 2885 1096 2973; baseline 0.001 -24"><span class='ocrx_word' id='word_1_213' title='bbox 134 2885 218 2969; x_wconf 86' lang='lat' dir='ltr'>legia</span> <span class='ocrx_word' id='word_1_214' title='bbox 246 2886 399 2968; x_wconf 90' lang='lat' dir='ltr'>pecunias</span> <span class='ocrx_word' id='word_1_215' title='bbox 426 2885 619 2970; x_wconf 83' lang='lat' dir='ltr'>largiuntur.</span> <span class='ocrx_word' id='word_1_216' title='bbox 664 2912 726 2973; x_wconf 90' lang='lat' dir='ltr'>qua</span> <span class='ocrx_word' id='word_1_217' title='bbox 754 2888 912 2973; x_wconf 87' lang='lat' dir='ltr'>dignitate</span> <span class='ocrx_word' id='word_1_218' title='bbox 940 2887 1096 2954; x_wconf 89' lang='lat' dir='ltr'>describes</span> 
     </span>
     <span class='ocr_line' id='line_1_33' title="bbox 135 2970 1097 3053; baseline 0.004 -20"><span class='ocrx_word' id='word_1_219' title='bbox 135 2970 267 3035; x_wconf 87' lang='lat' dir='ltr'>classem</span> <span class='ocrx_word' id='word_1_220' title='bbox 297 2992 352 3053; x_wconf 90' lang='lat' dir='ltr'>per</span> <span class='ocrx_word' id='word_1_221' title='bbox 379 2971 510 3035; x_wconf 84' lang='lat' dir='ltr'>maximi</span> <span class='ocrx_word' id='word_1_222' title='bbox 531 2971 672 3037; x_wconf 92' lang='lat' dir='ltr'>fluminis</span> <span class='ocrx_word' id='word_1_223' title='bbox 694 2976 831 3037; x_wconf 88' lang='lat' dir='ltr'>tractum</span> <span class='ocrx_word' id='word_1_224' title='bbox 860 2972 956 3036; x_wconf 90' lang='lat' dir='ltr'>remis</span> <span class='ocrx_word' id='word_1_225' title='bbox 982 2974 1097 3039; x_wconf 90' lang='lat' dir='ltr'>uentis·</span> 
     </span>
     <span class='ocr_line' id='line_1_34' title="bbox 133 3057 1097 3143; baseline 0.001 -24"><span class='ocrx_word' id='word_1_226' title='bbox 133 3077 194 3139; x_wconf 87' lang='lat' dir='ltr'>quc</span> <span class='ocrx_word' id='word_1_227' title='bbox 216 3057 420 3140; x_wconf 81' lang='lat' dir='ltr'>uolitantem,</span> <span class='ocrx_word' id='word_1_228' title='bbox 449 3060 518 3120; x_wconf 88' lang='lat' dir='ltr'>tum</span> <span class='ocrx_word' id='word_1_229' title='bbox 540 3057 718 3140; x_wconf 89' lang='lat' dir='ltr'>principem</span> <span class='ocrx_word' id='word_1_230' title='bbox 739 3060 885 3121; x_wconf 90' lang='lat' dir='ltr'>nostrum</span> <span class='ocrx_word' id='word_1_231' title='bbox 907 3057 973 3122; x_wconf 83' lang='lat' dir='ltr'>alta</span> <span class='ocrx_word' id='word_1_232' title='bbox 994 3077 1097 3143; x_wconf 89' lang='lat' dir='ltr'>puppe</span> 
     </span>
    </p>
   </div>
   <div class='ocr_carea' id='block_1_3' title="bbox 133 3310 1102 3582">
    <p class='ocr_par' dir='ltr' id='par_1_3' title="bbox 133 3310 1102 3591">
     <span class='ocr_line' id='line_1_35' title="bbox 203 3310 1100 3379; baseline 0.001 -15"><span class='ocrx_word' id='word_1_233' title='bbox 203 3312 365 3379; x_wconf 82' lang='lat' dir='ltr'>lpublicae</span> <span class='ocrx_word' id='word_1_234' title='bbox 382 3313 463 3362; x_wconf 67' lang='lat' dir='ltr'>reid</span> <span class='ocrx_word' id='word_1_235' title='bbox 493 3310 503 3378; x_wconf 74' lang='lat' dir='ltr'>ll</span> <span class='ocrx_word' id='word_1_236' title='bbox 533 3317 548 3364; x_wconf 81' lang='lat'>5</span> <span class='ocrx_word' id='word_1_237' title='bbox 571 3314 697 3379; x_wconf 89' lang='lat' dir='ltr'>proprius</span> <span class='ocrx_word' id='word_1_238' title='bbox 717 3317 740 3363; x_wconf 87' lang='grc' dir='ltr'><strong>Δ</strong></span> <span class='ocrx_word' id='word_1_239' title='bbox 757 3316 818 3364; x_wconf 81' lang='lat' dir='ltr'>BV</span> <span class='ocrx_word' id='word_1_240' title='bbox 847 3312 857 3378; x_wconf 78' lang='lat' dir='ltr'>ll</span> <span class='ocrx_word' id='word_1_241' title='bbox 889 3318 920 3367; x_wconf 83' lang='lat'>13</span> <span class='ocrx_word' id='word_1_242' title='bbox 943 3316 1100 3367; x_wconf 83' lang='lat' dir='ltr'>instaurata</span> 
     </span>
     <span class='ocr_line' id='line_1_36' title="bbox 134 3377 1102 3448; baseline 0.004 -18"><span class='ocrx_word' id='word_1_243' title='bbox 134 3396 203 3444; x_wconf 88' lang='lat' dir='ltr'>eque</span> <span class='ocrx_word' id='word_1_244' title='bbox 221 3382 321 3446; x_wconf 87' lang='lat' dir='ltr'>(aeque</span> <span class='ocrx_word' id='word_1_245' title='bbox 339 3377 367 3442; x_wconf 80' lang='lat'>0)</span> <span class='ocrx_word' id='word_1_246' title='bbox 384 3380 412 3427; x_wconf 76' lang='lat'>1</span> <span class='ocrx_word' id='word_1_247' title='bbox 440 3377 450 3443; x_wconf 85' lang='grc' dir='ltr'>ΙΙ</span> <span class='ocrx_word' id='word_1_248' title='bbox 480 3382 512 3430; x_wconf 81' lang='lat'>21</span> <span class='ocrx_word' id='word_1_249' title='bbox 531 3381 565 3431; x_wconf 83' lang='lat' dir='ltr'>ad</span> <span class='ocrx_word' id='word_1_250' title='bbox 584 3383 648 3431; x_wconf 84' lang='lat' dir='ltr'>fact.</span> <span class='ocrx_word' id='word_1_251' title='bbox 668 3382 739 3445; x_wconf 83' lang='lat' dir='ltr'>glor.</span> <span class='ocrx_word' id='word_1_252' title='bbox 758 3383 834 3435; x_wconf 88' lang='lat' dir='ltr'>uerb.</span> <span class='ocrx_word' id='word_1_253' title='bbox 853 3398 912 3448; x_wconf 87' lang='lat' dir='ltr'>cop.</span> <span class='ocrx_word' id='word_1_254' title='bbox 931 3385 1035 3434; x_wconf 86' lang='lat' dir='ltr'>tetcnd.</span> <span class='ocrx_word' id='word_1_255' title='bbox 1051 3384 1102 3434; x_wconf 85' lang='lat' dir='ltr'>Pu·</span> 
     </span>
     <span class='ocr_line' id='line_1_37' title="bbox 134 3446 1099 3512; baseline 0.013 -18"><span class='ocrx_word' id='word_1_256' title='bbox 134 3454 223 3497; x_wconf 77' lang='lat' dir='ltr'>teanus</span> <span class='ocrx_word' id='word_1_257' title='bbox 246 3448 251 3510; x_wconf 85' lang='grc' dir='ltr'>Ι</span> <span class='ocrx_word' id='word_1_258' title='bbox 274 3446 430 3512; x_wconf 87' lang='lat' dir='ltr'>pependisti</span> <span class='ocrx_word' id='word_1_259' title='bbox 448 3462 509 3511; x_wconf 79' lang='lat' dir='ltr'>epo:</span> <span class='ocrx_word' id='word_1_260' title='bbox 533 3449 676 3501; x_wconf 85' lang='lat' dir='ltr'>tetendisti</span> <span class='ocrx_word' id='word_1_261' title='bbox 693 3452 721 3497; x_wconf 83' lang='lat' dir='ltr'>n</span> <span class='ocrx_word' id='word_1_262' title='bbox 738 3450 884 3500; x_wconf 86' lang='lat' dir='ltr'>intendisti</span> <span class='ocrx_word' id='word_1_263' title='bbox 902 3452 1060 3503; x_wconf 76' lang='lat' dir='ltr'>Arntzeniua</span> <span class='ocrx_word' id='word_1_264' title='bbox 1087 3452 1099 3507; x_wconf 86' lang='lat' dir='ltr'>l·</span> 
     </span>
     <span class='ocr_line' id='line_1_38' title="bbox 133 3511 773 3582; baseline 0.008 -21"><span class='ocrx_word' id='word_1_265' title='bbox 133 3516 167 3561; x_wconf 73' lang='lat'>22</span> <span class='ocrx_word' id='word_1_266' title='bbox 186 3511 215 3562; x_wconf 79' lang='lat' dir='ltr'>tir</span> <span class='ocrx_word' id='word_1_267' title='bbox 230 3516 278 3563; x_wconf 87' lang='lat' dir='ltr'>isti</span> <span class='ocrx_word' id='word_1_268' title='bbox 295 3516 346 3563; x_wconf 74' lang='lat' dir='ltr'>aui</span> <span class='ocrx_word' id='word_1_269' title='bbox 363 3516 419 3563; x_wconf 74' lang='lat' dir='ltr'>uns‘.</span> <span class='ocrx_word' id='word_1_270' title='bbox 435 3515 458 3561; x_wconf 87' lang='grc' dir='ltr'><strong>Δ</strong></span> <span class='ocrx_word' id='word_1_271' title='bbox 481 3513 491 3578; x_wconf 77' lang='grc' dir='ltr'>ΙΙ</span> <span class='ocrx_word' id='word_1_272' title='bbox 515 3517 547 3566; x_wconf 83' lang='lat'>29</span> <span class='ocrx_word' id='word_1_273' title='bbox 565 3516 731 3582; x_wconf 90' lang='lat' dir='ltr'>populantur</span> <span class='ocrx_word' id='word_1_274' title='bbox 749 3531 773 3565; x_wconf 82' lang='lat' dir='ltr'><strong>w</strong></span> 
     </span>
    </p>
   </div>
   <div class='ocr_carea' id='block_1_4' title="bbox 0 0 1221 4012">
    <p class='ocr_par' dir='ltr' id='par_1_4' title="bbox 0 0 1221 4012">
     <span class='ocr_line' id='line_1_39' title="bbox 0 0 1221 4012; baseline 0 0"><span class='ocrx_word' id='word_1_275' title='bbox 0 0 1221 4012; x_wconf 95' lang='lat' dir='ltr'> </span> 
     </span>
    </p>
   </div>
  </div>
 </body>
</html>
