2406 4012
167 238 230 301 246
511 240 557 290 xi.
584 238 794 291 uuunurrur

168 390 254 453 sidus
283 411 315 453 es
343 392 440 452 ortus.
485 388 518 452 hi
540 389 626 452 ciues
654 392 687 452 et
707 388 876 473 populares
897 389 947 452 tui
970 389 1069 454 silere
1091 413 1143 456 me

168 496 233 537 non
256 474 366 537 sinunt
393 493 452 536 uec
474 473 639 555 patiuntur
667 475 703 536 ut
724 473 891 557 quisquam
919 473 1004 537 alius
1036 477 1143 560 auspi·

169 559 330 622 catissimo
350 558 400 621 die
421 562 498 640 aput
513 561 545 621 te
568 578 605 621 ae
626 556 665 621 de
679 561 711 621 te
733 557 885 640 loquendi
907 579 1027 623 munus
1050 582 1142 623 usur·

168 648 223 726 pet
244 664 340 726 quam
362 642 460 724 isqui
482 641 679 724 amplissimo
695 641 737 705 sit
751 642 913 724 praeditus
932 643 1140 727 magistratu.

142 730 285 809 sputant
307 725 426 808 aliquid
442 725 566 789 adicere
589 726 628 789 ad
644 726 845 809 splendorem
863 726 993 791 laudum
1008 731 1142 793 tuarum

169 810 307 874 consulis
330 831 463 894 nomen3
488 814 521 874 et
542 813 628 874 recte
649 813 775 895 putant.
804 811 940 874 adicitur
962 812 1052 876 enim
1074 813 1142 877 lau-

169 895 243 958 dum
273 894 423 978 dignitati
451 894 572 958 honore
598 895 771 959 laudantis.
816 917 853 959 ac
875 895 966 975 licet,
995 898 1141 962 maxime

169 981 354 1062 imperator,
377 979 505 1062 publico
528 980 645 1043 iudicio
668 983 701 1044 et
721 979 850 1044 nomine
872 1001 968 1064 agere
982 981 1047 1045 tibi
1069 1002 1141 1067 gra-

167 1065 229 1127 tias
252 1063 399 1145 debeam,
429 1068 535 1128 tamen
564 1064 620 1127 illa
647 1086 728 1148 quae
752 1085 811 1148 pro
839 1086 965 1128 summa
993 1067 1141 1131 rodomi

130 1169 154 1209 ro
167 1149 308 1232 forisque
330 1149 460 1233 gessisti
486 1170 571 1212 nunc
595 1170 633 1211 ex
654 1152 746 1231 parte
772 1150 913 1213 maxima
933 1152 1141 1232 praetermit-

167 1240 249 1314 tam,
278 1237 315 1296 ut
336 1239 457 1317 quanto
486 1233 573 1297 ocius
595 1233 642 1296 ad
665 1255 702 1296 ea
725 1255 805 1317 quae
826 1255 885 1317 pro
910 1255 946 1297 re
968 1238 1048 1298 sunt
1069 1257 1140 1319 per·

167 1318 278 1381 ueniat
300 1318 412 1381 oratio.

231 1401 290 1465 III.
335 1403 389 1465 An
413 1423 473 1486 ego
503 1423 588 1465 nunc
609 1406 753 1485 receptas
781 1403 899 1466 uirtute
920 1405 979 1465 tua
1002 1402 1138 1485 Gallias,

168 1488 348 1550 barbariam
376 1508 504 1550 ornnem
532 1486 696 1549 subactam
718 1508 850 1570 pergam
874 1487 967 1570 quasi
994 1509 1083 1551 noua
1107 1493 1140 1553 et

129 1592 154 1631 15
168 1571 314 1635 inaudita
341 1570 542 1635 memorare?
584 1593 665 1654 quae
692 1571 727 1634 in
755 1570 816 1635 hac
843 1570 981 1635 Romani
1010 1572 1139 1657 imperii

168 1660 258 1737 parte
286 1656 516 1740 gloriosissima
548 1658 624 1719 sunt
649 1655 754 1719 famae
782 1656 875 1719 laude
908 1655 1072 1721 celebrata
1104 1659 1138 1721 irr

167 1744 295 1804 tantum
323 1744 359 1804 ut
380 1740 582 1822 imperatoris
609 1739 719 1803 fratris
746 1743 944 1804 mererentur
969 1740 1137 1805 inuidiam.

168 1825 243 1906 quid
266 1824 351 1887 enim
378 1825 464 1888 aliud
486 1847 506 1888 a
526 1828 559 1887 te
583 1824 740 1897 consortis
765 1824 994 1908 [imperatoris]
1018 1826 1137 1890 aliena-

168 1908 217 1970 uit
238 1909 380 1970 animum
406 1909 470 1971 nisi
493 1909 615 1992 gloriae
638 1912 712 1972 tuae
735 1908 911 1993 splendor?
955 1912 1061 1973 testor
1081 1911 1135 1975 im-

130 2014 155 2052 11
169 1991 336 2054 mortalem
346 1993 449 2074 deum,
465 1995 566 2054 testor
581 1993 620 2054 ad
632 1994 736 2057 uicem
747 1993 888 2057 numinis
900 1993 981 2057 mihi
992 1998 1136 2059 sanctam

168 2072 395 2139 coirscientiam
416 2097 519 2139 meam
542 2097 592 2138 me
613 2078 715 2141 multa
735 2082 921 2142 constanter
940 2078 976 2141 in
998 2078 1063 2143 hac
1083 2100 1136 2164 po·

166 2159 324 2224 tissimum
346 2159 424 2223 urbe
445 2159 544 2223 fuisse
567 2160 726 2225 dicturum
748 2162 857 2225 dehis
880 2183 961 2246 quae
984 2163 1135 2228 aduersus

167 2246 324 2328 optimum
346 2244 572 2329 imperatorem
594 2246 803 2310 inclementer
825 2250 857 2310 et
877 2246 975 2329 impie
994 2248 1135 2332 cogitata

167 2334 261 2413 atque
290 2334 437 2414 suscepta
465 2333 554 2411 sunt,
585 2331 613 2394 si
635 2331 817 2394 etiamnunc
839 2330 1006 2394 hominum
1029 2336 1134 2397 coetus

129 2434 154 2474 25
167 2414 259 2478 diuus
282 2414 493 2480 Constantius
520 2414 747 2499 frequentaret.
792 2436 967 2499 numquam
991 2416 1133 2499 profecto

167 2499 260 2562 liberi
289 2500 368 2563 ciuis
396 2500 526 2563 athoni
552 2501 707 2563 senatoris
736 2498 843 2563 officio
866 2500 1038 2563 defuissem
1061 2522 1134 2599 quo·

167 2585 271 2645 minus
305 2583 529 2668 redarguerem
562 2588 657 2667 atque
687 2584 910 2648 conuincerem
945 2605 999 2647 eas
1026 2584 1075 2649 illr
1101 2585 1134 2649 in

166 2669 199 2728 te
221 2666 285 2728 odii
306 2666 406 2729 fuisse
435 2688 545 2730 causas
568 2690 647 2751 quae
676 2669 793 2732 amoris
815 2668 1079 2733 inflammatrices
1103 2674 1134 2733 et

167 2748 241 2811 fidei
263 2749 389 2812 obsides
413 2771 482 2812 esse
505 2751 681 2816 debuerint.

235 3026 248 3073 1
269 3037 298 3073 es
318 3029 393 3073 ortus
412 3025 519 3086 scripsi:
539 3029 650 3074 exortus
663 3027 691 3072 11
709 3030 822 3075 exortus
840 3041 869 3077 es
884 3025 1019 3077 Liuineius
1031 3022 1070 3092 t2
1089 3042 1133 3075 1111-

166 3092 353 3158 spioacissimo
371 3092 391 3140 B
411 3093 427 3141 0
444 3094 478 3142 W
507 3089 517 3158 t
547 3091 708 3142 odicerec
738 3090 748 3157 ΙΙ
779 3093 933 3143 chonorc
962 3092 973 3159 ΙΙ
1005 3096 1037 3144 11
1056 3110 1134 3159 quoru

166 3162 242 3210 ocius
261 3173 285 3207 w
309 3160 313 3220 Ι
338 3176 387 3224 pro
405 3175 433 3208 re
450 3161 559 3225 scripsi:
580 3161 690 3225 proprie
708 3162 736 3207 Ι
753 3162 864 3224 propria
882 3162 941 3214 edd.
972 3159 983 3226 fl
1013 3164 1047 3213 14
1064 3176 1134 3212 noue

166 3228 422 3278 cinomanicae
452 3224 462 3291 ΙΙ
493 3229 523 3277 16
542 3232 606 3277 sunt
624 3241 661 3276 w:
680 3228 736 3277 siut
752 3230 780 3275 Ι
804 3226 814 3293 ΙΙ
840 3230 870 3278 17
888 3228 1064 3294 imperatoris
1082 3230 1134 3279 lra-

166 3297 217 3345 tris
235 3296 257 3342 Δ
275 3293 366 3345 Βενι..’
389 3296 491 3344 inuersa
510 3297 638 3345 ordinali
657 3296 764 3353 ΠΨ
793 3293 804 3361 ΙΙ
835 3297 866 3345 18
887 3294 962 3345 aliud
981 3311 999 3346 a
1017 3301 1044 3347 te
1061 3297 1095 3345 A:
1118 3311 1134 3347 e

165 3366 194 3410 te
213 3362 290 3411 aliud
307 3364 327 3410 Β
346 3365 363 3410 0
381 3362 403 3409 V
420 3362 454 3408 W
478 3359 482 3423 Ι
505 3362 681 3425 imperatoris
699 3364 748 3413 del.
767 3364 899 3413 Liuineius
921 3360 932 3428 t
955 3365 990 3414 ΒΟ
1008 3366 1135 3415 testord

165 3428 257 3476 Bere:
276 3445 323 3478 om.
340 3430 361 3476 B
380 3431 397 3477 0
415 3429 438 3476 V
456 3430 488 3476 W
506 3426 516 3492 ΙΙ
537 3431 569 3478 21
588 3431 761 3495 potissimum
778 3432 852 3481 Bere.
869 3431 905 3479 A:
924 3446 971 3481 om.
990 3432 1011 3481 Β
1029 3434 1047 3481 0
1065 3433 1088 3480 V
1104 3430 1134 3480 W

167 3491 180 3557 Ιξ
200 3494 233 3543 26
251 3499 280 3543 et
298 3511 344 3544 om.
364 3494 514 3560 1311111127
532 3500 613 3548 malim
631 3498 774 3563 quominus
792 3502 885 3549 reatus
904 3497 1098 3564 redarguerem
1121 3496 1133 3563 li

165 3562 198 3609 29
215 3558 371 3610 debuerunt
388 3565 406 3610 0
