2406 4012
179 111 222 173 24
385 150 393 162 .
501 111 522 160 Ι.
560 108 590 158 Ο.
609 109 724 160 PLINII
743 111 823 159 PAN.

181 284 270 325 mum
284 260 474 343 praestitisti
489 280 530 322 ne
546 261 709 342 rogarent.
739 258 955 340 superomnia
975 261 1027 323 est
1040 260 1152 323 tamen
1172 300 1179 339 ·.

181 346 267 430 quod
293 345 368 408 talis
402 365 434 407 es
469 347 505 406 ut
531 343 590 406 sub
624 345 657 406 te
685 341 801 405 liberos
829 342 942 406 tollere
970 341 1074 407 libeat
1103 365 1178 408 an·

180 430 300 514 pediat.
1177 436 1180 441 '

244 512 379 577 XXVII.
430 509 534 575 Nemo
562 511 625 573 iam
646 531 762 593 parens
787 510 853 574 filio
875 511 939 574 nisi
960 510 1152 595 fragilitatis

153 599 339 663 thumanae
360 595 447 659 uices
465 595 585 677 horret,
613 616 672 658 nec
691 594 780 659 inter
801 595 999 659 insanabiles
1022 597 1152 661 morbos

180 681 336 766 principis
347 680 396 743 ira
406 683 602 743 numeratur.
624 701 778 764 magnum
789 679 917 763 quidem
931 683 981 743 est
992 680 1150 745 educandi
1179 682 1183 689 '

180 767 426 830 incitamentum
453 763 564 843 tollere
592 764 709 827 liberos
737 764 773 826 in
801 785 890 847 spem
913 764 1149 847 alimentorum,

181 851 215 914 in
239 871 328 933 spem
352 848 605 933 congiariorum5
635 849 736 912 maius
757 850 866 912 tamen
888 849 923 912 in
946 870 1038 931 spem
1056 848 1172 915 liber--

181 935 270 1018 tatis,
293 935 328 998 in
351 955 440 1017 spem
463 933 653 996 securitatis.
683 934 778 1017 atque
795 933 873 995 adeo
896 932 978 996 nihil
992 933 1153 1019 largiatur

142 1044 168 1083 ιο
181 1021 341 1104 princeps,
365 1020 440 1081 dum
462 1018 544 1080 nihil
566 1017 703 1100 auferat3
726 1037 791 1081 non
814 1017 888 1099 alat,
912 1017 987 1081 dum
1009 1039 1079 1083 non
1101 1039 1151 1083 oc-

183 1105 282 1167 cidat:
316 1125 376 1166 nec
404 1103 538 1166 deerunt
566 1102 620 1185 qui
642 1101 724 1164 filios
753 1102 992 1185 concupiscant.
1040 1107 1154 1167 contra

181 1188 338 1271 largiatur
365 1188 399 1249 et
425 1186 564 1267 auferat,
594 1185 658 1249 alat
687 1189 720 1249 et
748 1187 888 1250 occidat:
925 1208 966 1250 ne
994 1186 1049 1251 ille
1073 1186 1156 1259 mihi¹
1192 1230 1194 1247 .

181 1273 245 1334 iam
260 1270 351 1334 breui
365 1275 509 1353 tempore
525 1270 665 1334 effecerit
684 1273 722 1334 ut
738 1291 848 1334 omnes
869 1291 935 1334 non
949 1274 1153 1355 posterorum
1191 1336 1194 1343 ,

182 1353 275 1419 modo
299 1354 355 1419 sed
377 1354 426 1417 sui
445 1358 677 1439 parentumque
699 1355 873 1437 paeniteat.
902 1356 1051 1439 quocirca
1069 1356 1155 1421 nihil

144 1465 169 1505 15
183 1440 286 1524 magis
309 1439 344 1502 in
363 1441 419 1502 tua
438 1441 509 1502 tuta
528 1438 720 1502 liberalitate
738 1439 935 1502 laudauerim
957 1461 1054 1523 quam
1069 1441 1154 1524 quod

183 1525 381 1610 congiarium
404 1524 461 1587 das
483 1524 521 1587 de
542 1527 609 1606 tuo,
634 1524 790 1587 alimenta
812 1523 850 1586 de
865 1528 931 1605 tuo,
954 1527 1059 1611 neque
1083 1548 1103 1589 a
1123 1528 1156 1589 te

182 1609 275 1674 liberi
304 1609 437 1691 ciuium,
468 1611 505 1672 ut
531 1609 672 1672 ferarum
701 1608 812 1689 catuli,
843 1608 1000 1693 sanguine
1028 1612 1062 1674 et
1085 1631 1155 1674 cae-

183 1695 273 1758 dibus
296 1694 497 1777 nutriuntur3
521 1693 666 1777 quodque
688 1692 907 1776 gratissimum
925 1694 1155 1778 estaccipien-

182 1779 286 1859 tibus,
322 1779 429 1841 sciunt
458 1777 526 1839 dari
560 1777 622 1840 sibi
650 1776 734 1861 quod
764 1777 887 1840 nemini
918 1780 967 1841 est
994 1782 1154 1862 ereptum,

144 1883 169 1920 20
183 1862 447 1943 locupletatisque
474 1864 541 1923 tam
563 1861 672 1924 multis
694 1863 916 1944 pauperiorem
939 1884 1008 1927 esse
1030 1863 1155 1927 factum

183 1945 362 2029 principem
384 1946 522 2026 tantum,
545 1966 737 2028 quamquam
755 1967 797 2009 ne
811 1945 898 2010 huno
913 1946 1052 2030 quidem.
1076 1970 1155 2012 nam

184 2029 272 2093 cuius
294 2034 343 2093 est
358 2029 508 2112 quicquid
530 2032 578 2092 est
595 2029 747 2111 omnium,
770 2033 896 2094 tantum
911 2031 980 2115 ipse
995 2036 1155 2115 quantum

184 2135 295 2179 omnes
316 2112 425 2176 habet.
736 2122 739 2129 '

247 2196 401 2265 XXVIII.
431 2198 505 2261 Alio
520 2220 572 2261 me
588 2201 681 2261 uocat
695 2220 865 2262 numerosa
879 2198 982 2283 gloria
1000 2202 1066 2262 tua.
1091 2198 1156 2283 alio

145 2302 170 2343 25
184 2282 313 2347 autem?
330 2282 423 2366 quasi
437 2304 513 2347 uero
527 2282 592 2346 iam
605 2282 683 2345 satis
697 2285 866 2346 ueneratus
880 2282 1077 2366 miratusque
1093 2284 1155 2347 sim

184 2368 269 2450 quod
284 2371 410 2431 tantam
425 2368 595 2450 pecuniam
610 2366 791 2450 profudisti,
814 2389 880 2430 non
902 2370 939 2431 ut
953 2367 1071 2452 flagitii
1093 2367 1156 2433 tibi

186 2452 331 2516 conscius
347 2453 386 2515 ab
402 2452 613 2516 insectatione
632 2452 698 2515 eius
721 2454 880 2515 auerteres
895 2453 1015 2516 famam
1028 2474 1100 2516 nec
1120 2455 1159 2516 ut

183 2537 292 2599 tristes
322 2535 488 2598 hominum
516 2539 718 2618 maestosque
746 2557 907 2601 sermones
935 2537 1067 2601 laetiore
1088 2559 1155 2601 ma·

184 2619 266 2681 teria
295 2618 464 2681 detineres.
508 2619 630 2682 nullam
660 2619 823 2704 congiario
853 2621 996 2705 culpam,
1028 2621 1156 2686 nullam

142 2722 170 2760 30
184 2702 344 2765 alimentis
374 2701 593 2766 crudelitatem
621 2702 798 2789 redemisti,
829 2727 889 2783 nec
917 2706 978 2770 tibi
1000 2706 1082 2770 bene
1104 2706 1156 2770 fa·

184 2787 289 2851 ciendi
315 2786 379 2850 fuit
407 2807 503 2850 causa
530 2790 567 2850 ut
590 2810 669 2872 quae
696 2789 780 2854 male
802 2790 924 2854 feceras
953 2791 1086 2874 impune
1108 2791 1157 2855 fe·

184 2870 291 2934 cissos
327 2891 417 2934 amor
438 2870 599 2954 impendio
621 2874 695 2957 isto,
719 2896 785 2939 non
808 2875 902 2938 uenia
925 2875 1071 2957 quaesita
1093 2878 1160 2960 est,

252 3114 267 3161 7
282 3111 311 3160 in
330 3125 405 3175 spem
424 3108 614 3186 alimentorum
634 3129 679 3164 om.
693 3113 725 3161 W
737 3110 747 3177 ΙΙ
764 3115 791 3162 ll
811 3128 863 3163 nec
882 3112 1045 3163 deerunt-
1059 3114 1089 3162 12
1110 3129 1158 3164 oc·

476 3187 485 3215 1

184 3229 259 3278 cidat
277 3245 323 3278 om.
344 3230 361 3275 0
383 3224 394 3292 ΙΙ
417 3229 449 3276 12
467 3245 493 3279 m
512 3230 568 3279 iam
585 3245 646 3295 epo:
664 3231 693 3279 in
711 3235 768 3279 tam
785 3229 848 3278 (ΠΙ
864 3231 950 3279 uitam
966 3230 1022 3278 BV
1039 3230 1158 3294 inquam

183 3297 317 3344 Liuineius
338 3298 395 3344 tum
418 3295 447 3344 in
467 3297 610 3347 Gronouius
633 3298 718 3346 etiam
736 3296 895 3347 Sctwurriuc
917 3297 972 3346 iam
994 3298 1126 3348 Gesnerus
1148 3295 1159 3364 ΙΙ

184 3364 217 3412 15
234 3367 296 3412 tuta
313 3365 421 3427 scripsi:
439 3368 498 3413 tota
510 3366 536 3413 H
549 3362 559 3429 ΙΙ
574 3365 604 3413 16
624 3364 758 3414 allmcnta
777 3364 812 3414 dc
830 3369 877 3415 tao
896 3381 943 3414 om.
954 3362 1053 3431 wilm
1073 3380 1109 3414 ne
1123 3380 1156 3416 u:

182 3444 236 3478 nec
254 3430 280 3477 Μ
295 3427 300 3494 Ι
315 3428 400 3496 hunc]
420 3430 472 3482 hoc
489 3431 529 3482 W.
