2406 4012
133 206 197 272 130
419 210 467 259 1v.
494 204 653 258 seusun
671 204 808 258 ORATIO

131 359 321 444 uiguerunt,
344 377 432 421 nunc
454 354 592 419 aeternis
615 352 767 437 auspiciis
787 351 875 417 Iouis
898 354 932 417 et
953 350 1095 419 Herculis
1118 408 1123 421 .

133 445 353 508 renascuntur.

196 525 284 591 XIX.
334 523 396 590 Sed
419 522 519 605 enim,
543 523 594 585 uir
614 521 864 605 perfectissime,
885 521 974 585 inter
994 520 1097 585 omnia

133 633 215 695 quae
236 610 354 673 uirtute
375 607 558 691 principum
581 627 621 670 ac
640 605 796 670 felicitate
815 608 1014 685 recreantur,
1036 605 1096 671 sint
1123 666 1126 671 .

107 697 209 758 ilicet
223 694 360 757 fortasse
378 692 442 755 alia
457 690 678 776 magnitudine
695 693 792 773 atque
806 688 949 754 utilitate
963 688 1096 773 potiora,

132 777 216 842 nihil
245 780 294 841 est
321 779 432 840 tamen
460 774 678 839 admirabilius
700 774 763 838 hac
783 773 980 838 liberalitate
1007 794 1097 858 quam
1137 854 1139 860 Ι

133 860 280 927 fouendis
301 859 539 925 honorandisue
558 859 739 923 litterarum
763 857 878 922 studiis
901 859 1097 942 impartiunt
1130 862 1139 897 '³

134 947 266 1031 quippe,
295 949 331 1009 ut
353 945 446 1009 initio
469 943 550 1027 dixi,
577 942 660 1007 nulli
682 964 833 1026 umquam
855 942 995 1008 antehac
1015 943 1098 1026 prin·
1135 996 1139 1012 .-

134 1032 220 1115 cipes
242 1030 311 1114 pari
339 1051 414 1094 cura
434 1029 512 1093 belli
538 1027 648 1091 munia
674 1031 707 1091 et
728 1027 912 1091 huiusmodi
936 1027 1027 1110 pacis
1053 1048 1098 1091 or·
1135 1078 1139 1089 .

96 1118 287 1180 suanense
309 1114 485 1179 coluerunt.
507 1111 743 1176 diuersissimas
764 1111 850 1175 enim
872 1111 914 1176 ad
932 1114 1009 1176 utra
1063 1130 1100 1175 nc

134 1203 256 1264 sectam
278 1198 416 1263 deflexus
439 1200 502 1279 est,
531 1197 640 1279 dispar
660 1198 777 1260 natura
798 1196 958 1260 mentium
984 1132 1099 1261 etmdis
1137 1196 1139 1201 ’

135 1304 269 1365 crepans
305 1282 354 1345 in'
377 1281 534 1345 electione
569 1280 738 1364 iudicium3
782 1280 935 1363 ipsorum·
966 1280 1100 1365 deniqne

132 1368 298 1449 utriusque
334 1366 455 1430 artibus
491 1365 742 1448 praesidentium
776 1363 944 1429 numinum
980 1362 1101 1429 dissum

134 1454 240 1515 motus
258 1449 449 1534 habitusque
464 1449 644 1514 dissimiles.
675 1469 736 1532 quo
759 1449 998 1533 meginherum
1019 1468 1103 1513 nona

96 1554 121 1595 15
135 1538 168 1600 et
181 1534 377 1601 incredibilis
400 1538 449 1599 est
462 1535 563 1598 uirtus
587 1537 619 1598 et
633 1532 817 1597 humanitas
840 1533 895 1617 qui
908 1534 999 1598 inter
1010 1536 1102 1599 tanta

135 1642 234 1704 opera
256 1620 413 1685 bellorum
440 1618 580 1683 adhaec
602 1638 726 1702 quoque
748 1618 928 1681 litterarum
950 1618 1103 1683 exercitia

133 1705 310 1803 respiciunt
332 1709 428 1789 atque
448 1703 539 1768 illum
560 1707 740 1800 temporum
762 1705 880 1766 statum
903 1722 978 1800 quo²
1001 1705 1037 1767 ut
1057 1702 1101 1799 le·

134 1787 1103 1968 ellinwartPillllfftdls⁰l0utlj⁸lll

96 1973 121 2011 ‘20
135 1958 232 2019 etiam
254 1955 303 2019 elo
326 1957 435 2019 uentis
456 1954 602 2018 Romana
623 1957 809 2020 reunescat.

197 2037 269 2102 XX.
340 2041 411 2102 etur
433 2060 522 2123 ergo,
543 2039 594 2102 uir
614 2039 857 2123 perfectissime,
879 2039 937 2103 illa
957 2037 1041 2104 mihi
1062 2038 1102 2103 ab

134 2122 263 2207 optimis
296 2122 452 2186 uirtutum
487 2123 630 2187 omnium
657 2123 797 2187 dominis
822 2123 944 2187 tribute
971 2123 1102 2209 largitio

134 2207 209 2272 huic
237 2207 326 2291 operi
348 2206 511 2272 doctrinae
540 2210 635 2305 atque
663 2207 863 2292 eloquentiae
885 2206 1033 2272 dedicato
1054 2212 1099 2291 ut,

133 2292 403 2376 quemadmodum
430 2295 536 2358 cetera
564 2296 650 2356 ortae
670 2295 800 2356 nostrae
830 2292 997 2356 commoda
1025 2296 1103 2377 aput

96 2394 121 2435 ²⁵
134 2378 339 2444 auxiliatores
362 2399 472 2443 eorum
494 2377 569 2442 deos
593 2376 739 2455 colimus,
762 2377 810 2440 ita
831 2375 1032 2461 singularem
1053 2396 1101 2440 ec

133 2463 278 2528 rumdem
306 2485 384 2549 erga
405 2463 531 2528 litteras
554 2460 775 2548 dignationem
801 2461 835 2524 in
864 2460 998 2545 antiqua
1020 2461 1101 2525 litte

133 2570 242 2611 renim
273 2549 347 2612 sede
380 2549 586 2612 celebremus.
634 2546 742 2610 uideat
773 2547 939 2629 praeterea
970 2545 1009 2610 in
1039 2545 1101 2609 illis

133 2630 310 2777 risula
514 2630 687 2796 suus
705 2632 1102 2779 seusticus-uu

95 2795 262 2859 sourbium
298 2796 445 2879 gentium
482 2735 650 2860 notioriiim
686 2801 742 2861 aut
774 2799 895 2882 pietate
926 2734 1103 2865 rffimffi

134 2882 190 2944 aut
211 2880 330 2944 uirtute
353 2879 528 2947 deuincunt
549 2884 605 2946 aut
625 2884 746 2947 terrore
768 2881 967 2948 deuinoiumt.
1006 2879 1101 2967 siqui·

201 3122 216 3172 7
234 3119 454 3186 honorandisque
471 3119 553 3186 eddi
571 3123 587 3172 9
606 3123 665 3186 peri
682 3138 729 3173 om.
747 3122 781 3170 W
795 3119 800 3187 Ι
815 3136 894 3174 curas
910 3120 979 3172 belli
997 3122 1101 3173 munia-

132 3200 186 3253 que
205 3200 231 3238 w
258 3184 269 3252 ss
299 3190 331 3238 13
349 3189 472 3253 utrisque
491 3189 598 3239 artibus
616 3190 655 3252 Ι,
674 3191 792 3247 correaei;
819 3193 870 3240 niet
885 3190 1014 3255 utrisque
1030 3194 1099 3255 part.

130 3256 292 3306 scribendum
309 3263 348 3306 eat
374 3257 379 3318 Ι
404 3257 542 3306 nominum
560 3258 587 3304 Ι
612 3254 622 3322 fl
652 3258 685 3307 14
703 3263 791 3306 motus
808 3260 918 3322 scripsi:
935 3259 1059 3309 monitus
1074 3257 1101 3304 Η

131 3322 239 3393 sonitus
256 3337 281 3372 w
310 3321 321 3388 [1
350 3325 383 3374 23
401 3322 529 3373 dedicata
545 3324 581 3385 Μ,
601 3340 668 3374 corr.
690 3324 822 3381 Acidaliae
850 3322 861 3389 fl
889 3324 1102 3390 respectatur

132 3384 145 3451 l}
171 3391 204 3440 30
222 3394 271 3439 aut
287 3391 393 3456 pietate
411 3392 565 3442 restituunt
581 3393 604 3439 Δ
621 3391 653 3439 W
670 3390 761 3443 Bere:
784 3408 831 3443 cm.
849 3393 870 3440 B
888 3394 907 3441 ο
924 3392 945 3439 V
969 3390 980 3457 ΙΙ
1004 3395 1037 3444 81
1056 3392 1101 3443 da·

130 3453 259 3571 pirrccupt]
279 3456 428 3508 conficiunt
444 3471 470 3506 v
489 3460 495 3522 1
519 3458 679 3510 deuineiunt
696 3461 769 3510 edd:
788 3459 941 3509 deuincunt
958 3458 1034 3522 ΠΙ,
1053 3474 1100 3511 aar.
