2406 4012
199 206 262 271 254
542 203 589 253 xi.
619 201 830 253 Mnunnrnu

200 357 290 421 seriis
313 353 557 438 imperatoribus
577 353 693 438 gratia,
717 351 939 416 communibus
962 350 1094 417 defuerit
1109 350 1143 417 in·

201 441 332 505 dustria.
360 461 463 522 neque
480 438 647 521 quisquant
669 437 731 501 sibi
752 437 907 501 molestus
930 437 977 500 ita
992 458 1026 501 se
1040 436 1144 501 facilen

201 526 314 591 ceteris
342 523 491 608 praebuit
521 526 558 585 ut
584 543 650 586 non
682 521 723 584 ad
750 542 843 585 suum
875 522 1058 605 exemplum
1085 520 1144 585 aliua

202 612 392 675 coherceret.
424 610 533 671 noster
554 607 728 691 imperator
749 605 832 670 nihil
855 606 918 670 sibi
940 606 1065 689 ueniae,
1082 602 1146 669 nihil

175 695 315 759 5cetcris
342 692 508 757 molestiae
536 712 572 757 ac
595 691 712 755 laboris
734 690 923 774 impartiens
952 712 1012 755 suo
1038 688 1145 774 negotiu

201 779 347 842 omnibus
363 778 463 841 otium
479 781 629 860 praestat,
652 775 837 839 diuitiarum
854 775 1000 859 largitor,
1024 794 1147 839 curarum

202 885 332 945 auarus,
367 862 616 926 laboriosissima
644 860 847 944 negotiorum
874 862 1071 944 praeoptans
1095 860 1148 941 ipae

202 969 296 1032 agere
319 969 414 1030 quam
437 947 508 1010 aliis
530 947 695 1029 imperare.

264 1031 355 1095 XIII.
403 1031 499 1094 Multi
525 1034 598 1114 post
626 1033 754 1093 exactos
781 1051 874 1114 reges
900 1029 1073 1112 imperinm
1095 1026 1148 1092 ani

164 1136 188 1175 10
202 1139 312 1181 uersae
334 1115 526 1199 reipublicae
553 1115 731 1178 solitarium
753 1116 953 1198 cupiuerunt.
997 1117 1074 1179 nota
1091 1112 1151 1177 sunt

202 1202 443 1266 recordantibus
466 1201 599 1264 nomina
615 1220 723 1263 eorum
745 1198 893 1262 uidelicet
908 1199 965 1282 qui
983 1198 1019 1262 in
1033 1198 1151 1282 patrium
1171 1232 1176 1239 ·

201 1287 344 1350 furentes
367 1285 507 1349 affectati
527 1284 621 1368 regni
639 1282 796 1366 supplicia
816 1284 1052 1366 pependerunt.
1076 1282 1173 1363 1111)Ι

203 1375 326 1434 ueteres
348 1370 403 1453 qui
425 1390 500 1432 saxo
522 1389 674 1452 praeceps
697 1368 780 1451 dati,
803 1389 937 1450 quorum
959 1368 1048 1432 bona
1066 1364 1173 1451 publi·-

204 1459 286 1535 cata,
310 1454 420 1517 domus
443 1456 560 1533 erutae,
583 1453 756 1516 interdicta
773 1452 909 1535 posteris
932 1453 1080 1517 nomina:
1099 1470 1152 1514 non

164 1558 189 1597 15
201 1561 321 1686 pailubccs
336 1538 518 1686 huiusmopli
538 1538 647 1601 furore
661 1536 811 1634 uecordes
835 1538 931 1684 etgam
952 1540 1066 1685 nopltirla
1080 1536 1153 1631 actm

120 1674 124 1681 .
216 1647 260 1687 ur
342 1646 375 1686 ur
424 1644 460 1686 ro
500 1645 533 1687 er
561 1643 688 1686 caecam
715 1644 760 1684 rm
785 1642 896 1685 eranr
926 1643 1001 1686 cu1
1059 1642 1106 1685 em
1127 1638 1154 1681 ιιι

202 1646 486 1772 ferrimqrueiunl.
517 1708 544 1770 si
562 1706 714 1769 hasdans
737 1644 899 1789 pilulisper
919 1644 1009 1769 1111116
1029 1704 1156 1769 redditor
1179 1737 1182 1744 ·

203 1793 401 1874 alloquatur:
446 1792 554 1870 ‘heus,
589 1791 679 1854 uerbi
711 1790 828 1874 gratia,
858 1789 1044 1874 Nepotiane
1074 1811 1093 1853 a
1124 1806 1157 1850 ne

204 1875 350 1957 Siluane,
381 1898 439 1958 per
465 1876 600 1939 infestos
622 1873 746 1958 gladios
773 1878 1024 1957 praesentesque
1050 1877 1158 1937 mortes

164 1979 189 2016 ιο
202 1959 370 2041 imperium
398 1960 566 2040 petiuistis.
612 1964 646 2022 at
671 1980 759 2022 nunc
786 1959 870 2022 ultro
903 1958 999 2022 uobis
1029 1960 1159 2042 potestas

202 2041 358 2124 regnandi
381 2042 473 2105 datur
494 2047 530 2106 ut
552 2065 589 2106 ea
612 2066 673 2126 qna
686 2043 830 2107 Iulianus
853 2043 1038 2107 conditione
1058 2060 1159 2127 regne·

202 2126 259 2206 tia,
290 2130 325 2189 ut
348 2147 405 2209 pro
432 2127 574 2191 omnium
603 2130 669 2192 otio
692 2129 742 2190 die
769 2131 930 2211 noctuque
957 2128 1102 2225 uigiletis
1124 2128 1160 2205 ct,
1186 2168 1197 2257 p

203 2233 275 2275 cum
290 2212 412 2275 domini
426 2213 595 2294 uocemini,
619 2212 759 2275 libertati
782 2212 900 2275 ciuium
922 2212 1082 2295 sarmatis,
1103 2230 1160 2274 aaa·
1194 2268 1197 2281 ,

202 2297 273 2381 pins
296 2297 452 2380 proelium
474 2319 570 2380 quam
592 2297 762 2380 prandium
786 2297 975 2379 capessatis,
1001 2296 1084 2359 nihil
1105 2294 1161 2359 cni·
1192 2285 1197 2342 l

164 2402 189 2441 aa
203 2404 297 2465 quam
325 2382 476 2446 auferatis
507 2387 539 2446 et
567 2383 650 2445 ultro
679 2382 827 2444 omnibus
854 2381 1057 2464 largiamini,
1090 2376 1161 2443 nulli
1195 2408 1197 2429 =

203 2467 443 2550 gratificemini,
478 2467 512 2529 in
542 2466 704 2530 neminem
733 2466 897 2546 saeuiatis,
933 2468 1003 2529 toto
1034 2466 1070 2529 in
1094 2464 1162 2527 orbe
1194 2542 1197 2547 Ι

202 2557 359 2615 terrarum
381 2552 499 2615 nullius
521 2550 656 2635 uirginis
678 2549 764 2612 sarna
786 2550 936 2632 molatur,
967 2549 1012 2613 sit
1035 2548 1162 2613 lectulus

203 2636 299 2697 etiam
322 2636 390 2698 sine
413 2639 571 2698 concessis
595 2637 627 2698 et
648 2634 800 2717 legitimis
822 2633 1044 2718 uoluptatibus
1059 2632 1162 2698 Uesta·

203 2715 280 2779 lium
307 2719 384 2779 toris
413 2720 535 2799 purior,
565 2720 685 2781 aestate
713 2717 963 2783 Alamannieum
992 2719 1161 2801 puluerem,

164 2820 189 2858 ao
202 2798 306 2862 hieme
330 2801 476 2883 pruinam
499 2800 652 2865 Thraciae
680 2802 809 2865 intectis
834 2801 1009 2867 uerticibus
1032 2802 1163 2886 perfera-

202 2883 273 2947 tis':
296 2884 439 2967 profecto
461 2886 630 2948 uerborum
652 2886 795 2968 ipsorum
818 2887 995 2952 molestiam
1014 2887 1163 2951 delicatae

203 2990 294 3033 aures
320 2990 386 3033 non
408 2974 560 3053 poterunt
583 2971 738 3034 sustinere
767 2976 795 3035 et
815 2973 916 3035 tantis
943 2972 1086 3055 negotiis
1107 2974 1163 3034 ter·

271 3198 283 3243 1
304 3191 502 3260 communibus]
522 3195 643 3244 cornibus
660 3196 683 3242 Δ
703 3193 774 3243 Bert.
795 3192 805 3258 ΙΙ
829 3197 860 3244 10
879 3194 1024 3259 cupierunt
1041 3190 1165 3242 ΗΠ

204 3270 216 3327 ξι
245 3264 275 3311 11
298 3262 327 3311 in
346 3263 464 3325 patriam
481 3265 588 3325 scripsi:
616 3263 644 3311 in
662 3262 773 3326 propria
791 3264 819 3309 11
836 3261 910 3312 Bert.
933 3262 1057 3326 improbe
1077 3258 1165 3311 Mark-

201 3331 293 3379 laadua
311 3347 350 3394 ep.
369 3332 427 3379 crit.
446 3347 472 3393 p.
492 3333 524 3378 17
545 3328 554 3395 ΙΙ
577 3333 608 3379 13
628 3330 794 3394 praecipites
812 3331 870 3379 cdd.
893 3326 903 3394 ΙΙ
928 3331 960 3378 14
979 3334 1076 3393 crupta
1094 3329 1128 3375 W
1153 3324 1164 3391 ῑΙ

203 3399 234 3446 15
252 3402 279 3445 et
296 3399 350 3446 iam
368 3398 391 3444 Δ
414 3394 424 3460 ΙΙ
448 3400 481 3447 20
499 3399 578 3447 nobis
597 3399 654 3446 011
678 3394 688 3461 ΙΙ
717 3398 749 3446 28
770 3402 798 3446 et
818 3396 1078 3447 Puteanur:sed1
1102 3394 1114 3461 ΙΙ
1136 3396 1167 3445 19

202 3463 385 3513 alamanicam
404 3464 424 3512 B
443 3467 460 3513 c
480 3465 501 3511 V
518 3478 555 3513 w:
580 3465 780 3515 almunieumA
804 3463 815 3529 ΙΙ
842 3468 876 3515 30
893 3464 990 3528 pruina
1007 3463 1032 3511 Δ
1055 3464 1066 3528 l
1090 3466 1125 3515 112
1142 3466 1167 3512 at

202 3530 347 3580 Liuineius:
366 3548 412 3583 om.
430 3532 457 3579 Ι
