2406 4012
436 186 598 237 TRAIANO
618 186 651 237 D.
676 189 784 238 70-71.
1052 186 1092 249 67

125 358 188 401 neo
215 336 337 400 urbana
364 336 582 400 coniuratione
611 335 788 399 eblanditas
810 357 935 419 preces,
965 337 1020 400 sed
1043 337 1095 400 de·

128 427 217 486 creta
244 421 454 503 coloniarum,
489 420 615 516 decreta
643 421 809 484 ciuitatum
840 386 968 504 alleget.
1013 422 1094 485 bene

127 505 290 590 suffragiis
319 505 535 570 consularium
562 504 704 568 uirorum
732 505 826 568 urbes
848 505 958 588 populi
980 508 1093 589 gentes

126 591 321 654 inseruntur.
367 589 620 653 efficacissimum
649 609 707 672 pro
732 588 900 652 candidato
921 610 1023 672 genus
1046 593 1096 653 est

125 673 406 821 rogandixpratias
429 694 534 757 agere
1119 692 1131 732 s

361 757 431 821 Iam
458 779 520 840 quo
547 778 679 820 assensu
707 760 852 835 senatus
886 779 948 841 quo
975 757 1093 856 gaudio

126 845 294 925 exceptum
317 844 382 924 est,
407 862 478 905 cum
502 840 928 938 candidat'1S,uutquemque
950 844 1093 906 nomina·

125 948 229 1008 ueras,
254 927 363 990 osculo
386 947 578 1005 occurreres
602 892 739 988 ιιιιιιιιιιι
762 925 920 1021 quidem
911 948 945 988 111
961 928 1093 1023 planum

127 1016 159 1074 et
182 1011 273 1093 quasi
296 1032 378 1075 unus
401 1032 439 1073 ex
462 1009 716 1106 gratulantibus!
753 1012 786 1072 te
808 1009 905 1072 mirer
926 1012 1029 1094 magis
1052 1033 1093 1074 an

124 1094 305 1179 improbem
327 1093 399 1156 illos
427 1096 480 1177 qui
504 1095 677 1157 effecerunt
704 1096 740 1156 ut
726 1093 846 1156 tistud
869 1114 1022 1178 magnum
1045 1096 1092 1157 ui-
1107 1116 1133 1155 ιο

126 1181 217 1243 deret
203 1184 264 1261 t,ur
288 1199 359 1242 cum
381 1178 470 1241 uelut
486 1178 581 1240 adfixi
604 1178 766 1242 curulibus
789 1178 855 1241 suis
877 1200 1006 1242 manum
1022 1182 1092 1243 tan-

126 1266 196 1326 tum
225 1267 258 1326 et
284 1263 368 1326 hanc
397 1265 583 1326 cunctanter
616 1267 649 1326 et
674 1263 765 1347 pigre
801 1266 833 1326 et
860 1263 1093 1362 imputantibus

126 1347 247 1410 similes
268 1346 500 1444 promerent?
523 1347 659 1430 contigit
681 1369 715 1410 er
739 1368 757 1409 o
781 1347 879 1411 oculis
902 1349 1055 1412 nostris
1042 1371 1092 1413 ιιι-

125 1435 199 1496 cisa
222 1434 296 1494 ante
317 1431 427 1528 facies,
452 1430 600 1515 princeps
624 1369 800 1495 candidatis
823 1435 975 1514 aequatus
998 1437 1031 1495 et
1052 1434 1091 1496 si·

124 1516 211 1579 milis
232 1515 398 1598 sectantis3
421 1517 509 1580 ιιιιιιι
522 1515 640 1579 intueri
655 1537 763 1598 parem
787 1516 1017 1598 accipientibus
1038 1517 1092 1600 qui
1106 1535 1131 1575 15

124 1599 279 1663 honorem
302 1564 407 1662 dabai.
384 1599 521 1682 tquod
544 1600 664 1662 factum
686 1602 776 1661 tuum
800 1619 818 1661 a
841 1602 955 1663 cuncto
978 1604 1091 1664 senatu

125 1705 220 1766 quam
234 1705 311 1746 uera
325 1683 557 1747 acclamatione
573 1683 767 1746 celebratum
783 1685 845 1746 est:
862 1686 964 1746 ‘tanto
980 1686 1089 1767 maior,

123 1770 217 1864 tanto
240 1767 431 1851 augustior'!
459 1789 534 1830 nam
557 1767 607 1830 cui
630 1766 711 1829 nihil
735 1766 773 1829 ad
797 1766 978 1851 augendum
1001 1768 1090 1832 fasti-

123 1852 214 1949 giam
237 1856 395 1934 superest,
420 1851 472 1914 hic
495 1872 558 1914 uno
580 1851 675 1913 modo
699 1872 839 1915 creseere
860 1854 982 1936 potest,
1007 1855 1033 1917 si
1057 1875 1090 1918 se

122 1937 193 2032 ipse
226 1935 359 1999 submitt
345 1940 393 1998 ιιι
426 1957 555 1999 securus
589 1957 699 2020 magm
691 1936 819 1999 tudinis
853 1958 938 2001 suae
987 1960 1089 2022 neque
1103 1959 1129 1999 ao

124 2019 211 2084 enim
234 2021 274 2082 ab
294 2020 360 2083 ullo
375 2019 516 2103 periculo
538 2020 667 2084 fortuna
683 2021 864 2104 principum
886 2021 1015 2106 longius
1037 2023 1090 2086 ab·

124 2106 174 2168 est
196 2125 289 2187 quam
311 2102 439 2167 humilit
426 2105 512 2167 tatis.
551 2104 629 2168 mihi
652 2104 779 2188 quidem
802 2108 954 2169 nontam
977 2107 1088 2170 huma-

122 2189 208 2285 nitas
235 2191 291 2252 tua
313 2210 408 2271 quam
432 2189 465 2252 in
467 2189 568 2251 tentio
598 2189 663 2252 eius
687 2188 884 2252 admirabilis
909 2191 1087 2255 uidebatur

123 2272 242 2356 quippe
271 2294 342 2369 cum
365 2273 502 2337 orationi
525 2273 632 2336 oculos
660 2293 768 2336 uocem
797 2295 928 2336 manum
952 2295 1087 2337 commo-

123 2357 284 2438 damant
247 2356 332 2420 usi
355 2356 409 2419 alii
432 2357 542 2420 eadem
564 2357 626 2419 ista
646 2357 841 2439 mandasses
865 2377 976 2419 omnes
994 2359 1088 2421 eomi-
1102 2374 1128 2414 ιι

121 2441 200 2504 tatis
215 2461 363 2504 numeros
378 2441 498 2505 obibas.
523 2443 618 2522 atque
634 2439 740 2522 etiam,
758 2461 830 2502 cum
845 2440 1089 2525 suffragatorum

121 2524 256 2588 nomina
278 2524 396 2588 honore
425 2546 487 2608 quo
513 2524 617 2587 solent
639 2489 881 2621 exciperentur,
907 2527 942 2587 ιιι
964 2546 1088 2609 quoque

120 2610 209 2672 inter
231 2608 426 2692 excipientes
449 2629 529 2691 eras,
554 2611 646 2672 etex
669 2629 724 2672 ore
745 2608 900 2693 principis
922 2609 976 2673 ille
999 2631 1088 2676 sena-

120 2693 221 2756 torius
244 2713 392 2757 assensus
415 2693 611 2776 audiebatur,
640 2693 786 2776 quodque
809 2694 890 2777 apud
910 2695 1087 2779 prinoipem

120 2776 289 2860 perhibere
311 2778 528 2841 testimonium
551 2742 748 2842 meientibus
768 2778 996 2864 gaudebamus,
1019 2803 1086 2863 per·
1099 2797 1126 2837 30

189 2967 293 3016 ibene
312 2967 430 3030 Lipsius:
448 2982 482 3015 ne
501 2968 528 3014 Η
547 2963 559 3031 [l
579 2969 595 3016 3
613 2965 801 3016 consiliarium
821 2968 854 3013 W
873 2966 1085 3017 clarissimorum

118 3034 155 3082 Li
154 3035 226 3097 psius
238 3031 277 3098 118
295 3034 449 3084 occurreris
462 3034 495 3082 W
530 3039 558 3083 at
576 3034 698 3084 deuexus
718 3034 823 3097 Lipsius
835 3032 845 3098 ΙΙ
859 3037 889 3082 11
910 3049 1035 3114 magnum
1054 3036 1087 3084 W

121 3096 134 3163 ll
164 3102 195 3150 12
213 3100 342 3150 hanon·
361 3100 434 3150 hunc
452 3103 480 3148 Μ
538 3103 569 3151 13
587 3101 882 3165 promererentwl
875 3103 965 3150 inuisa
983 3103 1086 3152 addidi:

119 3183 166 3218 om.
174 3169 202 3214 Η
211 3168 325 3218 msohra
331 3169 390 3218 edd
404 3165 414 3232 ΙΙ
428 3170 594 3233 ldprinoeps
605 3172 740 3232 aequatus
748 3168 905 3217 candidatis
913 3168 1085 3220 Schwarzms

117 3236 246 3299 princeps
267 3234 429 3285 candidatus
449 3236 557 3300 equitus
576 3236 660 3283 ΒΗ
678 3236 807 3300 princeps
827 3236 935 3299 equitus
955 3235 1086 3286 candida·

118 3308 164 3351 tus
182 3303 215 3351 W
230 3301 234 3366 Ι
251 3303 349 3354 similis
368 3304 501 3352 sectantis
519 3305 628 3366 scripsi:
647 3302 727 3352 simul
746 3303 846 3352 stantis
864 3304 892 3349 Μ
911 3303 991 3352 simul
1010 3309 1085 3355 stans

119 3369 279 3420 Scdworzius
295 3368 306 3436 ΙΙ
326 3371 355 3419 15
372 3369 452 3419 licuit
470 3372 573 3420 addidi:
592 3384 637 3419 om.
655 3371 689 3430 rr,
711 3371 827 3435 contigit
846 3370 1004 3421 Srdwcrzius
1019 3369 1023 3435 1
1040 3375 1086 3437 qui

117 3437 248 3488 honorem
267 3438 414 3487 Liuineius:
431 3437 561 3488 honorem
580 3438 626 3501 qui
644 3426 670 3485 ll
692 3435 701 3503 ΙΙ
726 3440 759 3487 24
778 3454 836 3488 eum
856 3453 902 3489 om.
921 3439 1083 3505 cluoeem]

119 3520 236 3555 necesse
255 3503 291 3568 01
307 3505 509 3555 commendares
525 3506 558 3554 W

848 3590 882 3642 5*
