2406 4012
180 193 223 258 96
440 195 475 245 11.
510 193 566 244 ca.
586 190 796 243 nramaamm
814 192 893 242 rau.

100 384 103 391 ι
183 348 312 410 auctore
339 343 461 426 fecisti,
490 345 659 424 utrumque
687 339 937 425 pulcherrimum
958 342 1018 405 est.
1051 362 1157 425 neque

182 429 269 495 enim
307 429 463 493 minorem
503 425 630 490 laudem
666 446 857 511 magnarum
878 445 1002 489 ·rerum
1035 426 1157 491 aemuli

183 536 277 599 quam
299 513 362 597 ipsi
383 513 545 576 merentur
567 513 724 575 auctores.
760 509 838 595 quin
864 509 979 590 immo,
1006 511 1156 593 quamuis

184 598 358 683 optimum,
386 596 598 679 intemptatae
625 595 672 658 rei
700 594 869 660 consilium
894 593 1047 659 fortunae
1071 616 1156 660 oom-

156 683 337 764 amittitur,
370 680 521 745 iteratum
553 700 629 745 uero
662 679 746 743 idem
778 682 873 764 atque
904 677 1080 763 repetitum
1114 679 1157 745 ad

185 765 265 831 certi
275 765 385 830 iudicii
396 765 533 850 gloriam
547 763 699 848 pertinet.
729 764 863 848 ideoque
873 762 936 828 hoc
946 784 1038 829 nunc
1048 764 1155 847 ambo,

183 850 399 916 sacratissime
420 850 610 934 imperator,
633 848 704 933 ipso
731 849 807 913 estis
834 847 984 932 Scipione
1009 849 1155 933 potiores

183 936 267 1020 quod
282 938 314 1000 et
328 939 364 1000 tu
383 935 573 1000 Africanum
594 937 627 998 et
645 937 678 998 te
693 932 917 998 Diocletianus
931 932 1080 998 imitatus
1095 938 1153 999 est

241 1019 298 1085 IX.
314 1020 484 1105 Ingressus
499 1022 548 1084 est
561 1039 663 1102 nuper
682 1017 737 1082 ille
758 1039 830 1083 eam
850 1039 932 1101 quae
953 1016 1092 1084 Raetiae
1107 1020 1156 1083 est

146 1126 171 1167 ro
184 1105 310 1170 obiecta
336 1105 544 1169 Germaniam
570 1102 730 1187 similique
757 1103 878 1167 uirtute
904 1101 1094 1181 Romamn
1118 1102 1155 1167 li-

182 1189 295 1253 mitem
321 1189 457 1253 uictoria
483 1187 631 1272 protulit:
659 1187 737 1252 adeo
765 1187 892 1251 numini
919 1187 1008 1251 illius
1031 1186 1154 1272 simpli·

185 1274 265 1337 citer
287 1275 510 1358 amanterque,
538 1272 688 1357 quicquid
710 1293 768 1356 pro
789 1270 877 1336 hisce
899 1271 995 1336 terris
1017 1271 1153 1357 feceras,

184 1357 337 1440 retulisti,
361 1378 434 1422 cum
454 1379 492 1421 ex
514 1356 640 1421 diuersa
665 1357 751 1421 orbis
777 1359 870 1439 parte
895 1359 1051 1421 coeuntes
1072 1357 1153 1422 inui-

184 1445 252 1506 ctas
268 1443 415 1507 dexteras
432 1441 629 1525 contulistis,
650 1441 729 1506 adeo
744 1441 843 1505 fidum
857 1440 938 1504 illud
952 1441 1017 1506 fuit
1038 1441 1152 1507 frater·

146 1546 171 1587 15
184 1549 323 1612 numque
352 1527 523 1611 eloquium.
565 1527 602 1590 in
623 1546 684 1610 quo
711 1526 803 1591 uobis
826 1528 937 1590 mutua
957 1526 1152 1610 praebuistis

186 1613 329 1678 omnium
351 1613 496 1698 exempla
517 1612 672 1675 uirtutum
694 1613 791 1694 atque
812 1609 952 1675 inuicem
972 1631 1045 1693 uos,
1071 1610 1152 1695 quod

183 1697 259 1762 fieri
285 1699 350 1762 iam
382 1720 476 1782 posse
508 1718 573 1761 non
604 1695 788 1777 uidebatur,
822 1695 975 1779 auxistis,
1010 1696 1067 1760 ille
1095 1694 1153 1761 tibi

184 1783 381 1847 ostendendo
405 1783 489 1848 dona
510 1779 655 1864 Persica,
683 1782 719 1844 tu
746 1779 794 1845 illi
822 1779 926 1864 spolia
948 1779 1150 1845 Germanica.

184 1866 240 1929 sed
261 1887 365 1950 neque
387 1867 479 1930 illum
500 1867 637 1930 uirtutes
664 1867 739 1930 tuae
760 1865 893 1930 bellicae
915 1886 937 1930 u
958 1863 1153 1931 liberalitato

146 1970 283 2030 coaequa
310 1956 338 2015 ic
366 1950 451 2015 illius
492 1971 569 2033 opes
596 1971 615 2012 a
643 1949 760 2014 bellica
792 1949 912 2014 mrtute
945 1952 1153 2015 reuocarunt:

186 2034 280 2097 ambo
308 2055 395 2098 nunc
423 2034 499 2098 estis
527 2034 716 2182 laiffssmi'
747 2034 840 2098 ambo
867 2033 1038 2098 fortissimi
1061 2036 1153 2119 atque

185 2115 246 2182 hac
274 2118 345 2202 ipsa
372 2119 472 2183 uestri
505 2118 565 2183 sim
602 2118 713 2183 tudine
746 2120 849 2216 magis
882 2116 1050 2204 magisque
1083 2141 1153 2185 con-

187 2201 296 2268 cordes
325 2206 373 2287 et,
407 2204 491 2288 quod
520 2204 609 2267 omni
638 2224 758 2268 consan
804 2204 919 2268 mitate
946 2203 1066 2268 certius
1095 2206 1153 2286 est,

185 2288 359 2354 uirtutibus
379 2288 506 2353 fratres.
537 2289 582 2353 sic
607 2288 645 2353 fit
666 2292 702 2354 ut
722 2309 763 2352 uo
786 2289 813 2352 is
833 2289 963 2352 tantum
982 2287 1153 2373 imperium

147 2373 255 2438 asine
286 2373 353 2439 ulla
388 2373 602 2439 aemulatione
637 2394 804 2438 commune
842 2375 884 2438 sit
916 2394 1021 2456 neque
1053 2373 1154 2439 ullum

140 2467 143 2473 '
185 2459 270 2523 inter
297 2480 355 2523 uos
383 2459 552 2524 discrimen
588 2480 656 2523 esse
689 2457 873 2543 patiamini,
908 2457 964 2522 sed
991 2457 1091 2541 plane
1119 2462 1154 2523 ut

184 2543 307 2626 gemini
328 2543 376 2607 illi
396 2565 488 2629 reges
502 2543 751 2608 Lacedaemonis
765 2541 959 2608 Heraclidae
980 2564 1048 2607 rem
1073 2541 1152 2608 ubli·

186 2647 255 2690 cam
270 2627 340 2708 pari
355 2631 440 2692 sorte
455 2627 603 2691 teneatis.
634 2648 826 2711 quamquam
846 2626 908 2693 hoc
929 2647 988 2692 uos
1004 2648 1056 2693 me
1073 2628 1153 2694 'ores

254 2847 267 2894 1
281 2845 417 2910 utrimque
429 2848 462 2896 W
479 2843 490 2912 ΙΙ
506 2849 523 2897 4
534 2847 685 2912 intemptae
698 2850 720 2896 A
732 2849 819 2913 Bert„
832 2851 940 2900 intente
951 2856 1012 2901 ceti.
1029 2847 1040 2915 {l
1059 2850 1155 2901 licerii

185 2914 295 2976 scripsi:
318 2918 423 2964 certam
440 2915 467 2962 Π
491 2912 494 2979 Ι
519 2918 625 2965 certam
647 2916 688 2966 rei
710 2916 769 2970 iud.
789 2919 808 2966 0
835 2915 846 2983 ΙΙ
875 2919 890 2967 'i
913 2917 992 2968 ambo
1010 2930 1070 2969 sac.
1088 2917 1153 2984 imp.

185 2982 208 3028 A
226 2980 258 3029 W
274 2979 363 3031 Beria
391 2984 465 3033 sacri
489 2983 569 3034 ambo
592 2983 773 3049 imperatores
794 2986 815 3034 B
838 2986 907 3047 0V;
938 2986 1002 3036 iliud
1023 2985 1155 3035 sacratis·

186 3050 255 3101 sime
274 3049 312 3099 bis
329 3065 388 3113 cap.
406 3051 425 3100 I
436 3053 513 3115 plene
533 3053 658 3116 scriptum
678 3052 769 3103 abhinc
789 3053 849 3116 scre
870 3052 1034 3103 abbreviatur
1054 3066 1113 3105 sac.
1130 3053 1155 3103 ia

186 3117 214 3166 Ι
226 3114 236 3184 l
249 3119 265 3169 9
277 3115 325 3167 ille
338 3133 398 3168 eam
409 3121 517 3183 scripsi:
529 3118 604 3169 illam
614 3120 641 3167 Π
654 3115 663 3185 ll
678 3122 710 3170 10
722 3121 889 3186 germaniae
903 3120 909 3182 Ι
924 3118 999 3171 ultra
1011 3134 1156 3172 romanum

186 3199 211 3235 w
237 3183 247 3252 l
275 3187 305 3235 11
323 3186 469 3236 uictoriam
480 3187 503 3236 A
514 3187 537 3234 V
549 3187 581 3236 W
604 3184 614 3253 ΙΙ
639 3190 670 3237 12
687 3188 763 3238 hisce
780 3191 861 3238 terris
876 3187 1024 3239 Liuineius:
1041 3187 1087 3240 his
1104 3186 1156 3255 (uel

185 3253 254 3319 hiis)
268 3253 367 3303 ceteris
378 3255 406 3302 1
426 3251 436 3318 ΙΙ
461 3257 492 3305 14
504 3252 548 3305 fid.
562 3255 769 3322 fraternumque
782 3255 836 3306 iuit
847 3255 918 3306 illud
929 3257 1008 3306 MV
1028 3254 1033 3322 Ι
1052 3256 1158 3308 irater·

185 3336 250 3370 num
263 3322 296 3370 W
312 3318 322 3387 ll
343 3321 375 3371 15
394 3320 534 3387 eloquium
566 3323 727 3389 obsequium
745 3322 777 3371 W
795 3321 962 3389 colloquium
979 3338 997 3390 ς
1016 3322 1020 3389 Ι
1040 3323 1156 3375 nobisb

188 3384 201 3451 Η
222 3390 253 3438 19
272 3403 289 3436 a
306 3390 367 3439 add.
380 3402 417 3439 w:
436 3405 482 3440 om.
495 3389 522 3436 li
566 3391 600 3440 20
617 3405 706 3455 neque
719 3394 746 3440 te
759 3393 868 3455 scripsi:
886 3407 934 3442 om.
946 3393 974 3439 Ι
986 3406 1078 3459 nsque
1088 3393 1157 3456 edd„

186 3470 251 3519 quae
269 3460 298 3504 ie
314 3463 374 3518 post
390 3458 493 3508 uirtute
510 3459 616 3509 addunt.
640 3472 692 3507 nec
710 3455 785 3507 illius
804 3473 870 3523 opes
887 3463 916 3509 te
934 3471 959 3506 w
975 3456 986 3525 fl
1005 3460 1038 3509 21
1056 3457 1154 3526 atque]

187 3521 222 3572 ab
243 3523 259 3573 0
282 3518 291 3585 ΙΙ
314 3524 346 3571 22
364 3529 459 3575 uestra
477 3537 502 3571 w
519 3522 530 3589 ΙΙ
547 3527 579 3576 27
598 3524 825 3577 Lacedaemones
842 3525 879 3592 Ι,
897 3541 967 3578 corr.
984 3527 1120 3579 Liuineius
