2406 4012
478 104 695 156 PRAEFATIO.
1002 107 1071 160 XIII

52 282 54 287 ·
164 263 214 321 Ex
242 262 286 320 eis
315 279 394 339 quae
422 259 456 319 in
484 257 511 317 A
538 280 569 338 p.
596 259 655 318 198
685 266 717 318 et
740 261 800 318 199
829 260 974 338 leguntur
1001 258 1071 320 sub-

63 336 73 349 ⁸
98 343 320 426 scriptionibus
336 352 423 422 patet
432 342 606 421 Hergotum
620 343 659 402 ab
676 362 702 400 a.
718 344 930 404 1458-1460
943 345 1071 424 Magnu-

53 436 56 443 '
97 432 163 493 tire
186 437 404 491 commoratum
426 446 504 487 esse.
539 447 618 506 quae
640 429 734 507 igitur
755 428 852 507 magis
875 430 1073 508 inpromptu

99 523 148 576 est
176 514 354 575 coniectura
376 532 466 591 quarn
494 510 602 572 eodem
629 512 683 572 illo
706 520 844 592 tompore
866 515 1071 592 panegyricos

52 588 60 647 .'
97 617 225 679 quoque
254 617 324 659 cum
352 617 390 656 ex
419 596 525 656 codice
546 595 729 674 Maguntino
757 599 869 675 partim
895 598 997 676 ipsum
1019 596 1071 658 de-

96 685 271 763 scripsisse,
287 683 399 761 partim
416 678 634 741 describendos
650 700 772 741 curasse
790 678 842 758 (cf.
859 690 925 742 not.
940 701 971 761 p.
984 680 1071 757 XI)‘?

99 787 140 829 sa
162 776 265 827 autem
288 785 357 824 cum
374 785 447 825 cura
465 765 512 824 illi
529 763 677 843 descripti
698 775 770 825 sunt
788 774 831 840 ut,
855 766 882 825 si
896 766 1072 827 lcuidcnses

98 851 252 933 quosdam
273 848 393 910 scribae
416 868 548 919 errores,
577 857 612 908 ut
633 868 689 927 par
712 856 770 922 cst,
801 850 981 923 omittimus,
1006 851 1072 910 fers

99 937 220 1016 depicti
247 933 415 995 uideantur
444 932 606 1012 archetypi
634 932 756 992 ductus.
806 933 868 993 iarn
894 935 920 992 si
949 932 976 992 Δ
1005 953 1073 993 eum

97 1020 124 1081 B
148 1019 170 1081 ὓ
190 1019 219 1080 V
239 1018 279 1080 W
306 1037 529 1097 comparamus,
564 1017 626 1076 dici
653 1017 707 1077 uix
734 1025 837 1096 potest
864 1026 1013 1096 qnantum
1040 1018 1073 1077 hi

98 1123 176 1185 prae
198 1103 281 1163 illius
304 1103 497 1181 praestantia
518 1101 675 1171 sordeant.
703 1122 772 1161 cum
794 1111 897 1164 autem
918 1104 1072 1163 sexcentis

98 1189 178 1249 locis
200 1189 266 1247 siue
288 1188 321 1246 in
340 1186 462 1247 lacunis
484 1187 551 1245 siue
573 1188 607 1245 in
630 1187 810 1265 corruptelis
832 1187 899 1246 siue
921 1188 954 1246 in
975 1207 1072 1267 praua

98 1271 264 1333 uerborum
293 1269 497 1330 collocatione
521 1269 546 1329 B
568 1268 589 1330 0
610 1268 639 1329 V
659 1268 700 1330 W
726 1272 813 1349 quasi
840 1272 962 1348 agmine
990 1271 1071 1331 facto

100 1354 250 1417 contras
272 1364 364 1428 stent,
387 1355 455 1415 fieri
476 1375 541 1414 non
562 1363 665 1433 potest
687 1356 763 1433 quin
786 1355 840 1429 illi,
865 1356 1005 1434 quamuis
1029 1355 1072 1417 di·

98 1442 186 1501 uersi
207 1442 289 1500 inter
310 1458 359 1513 se,
387 1447 492 1499 tamen
514 1458 533 1496 a
555 1440 707 1499 communi
734 1440 797 1498 sint
817 1440 914 1518 stirpe
937 1438 1070 1499 deducti.

98 1526 207 1605 itaque
228 1526 255 1584 si
276 1531 452 1603 reputamus
474 1524 507 1582 in
522 1524 615 1583 Italia
630 1523 794 1602 plerosque
817 1542 922 1582 eorum
943 1525 1071 1601 scriptos

100 1629 180 1682 csse,
203 1608 287 1688 qnid,
307 1627 432 1686 quaeso,
449 1609 514 1667 ueri
531 1616 577 1666 est
592 1607 719 1667 similius
735 1626 825 1685 quam
841 1627 880 1667 ex
894 1606 1071 1686 apographo

100 1714 120 1753 a
142 1692 210 1753 Ioa.
232 1691 370 1771 Aurisps
391 1693 471 1752 facto
493 1690 518 1750 B
533 1690 554 1752 0
569 1691 596 1752 V
610 1689 650 1751 W
670 1689 817 1751 fluxisse?
850 1691 922 1750 hine
944 1700 1072 1752 stemma

100 1776 244 1837 codicum
265 1795 401 1837 meorum
424 1774 529 1836 euadit
550 1775 643 1835 hoco:

187 2028 214 2088 A
250 2066 253 2071 -
586 2029 741 2106 Autispae
764 2028 920 2107 exemplar

731 2387 733 2391 ,
893 2329 914 2389 c
945 2329 1008 2389 BV

806 2408 928 2493 (mru)

167 2532 237 2593 Duo
258 2533 354 2611 igitur
376 2532 539 2612 archetypi
554 2532 732 2612 Maguntini
754 2532 836 2592 facta
858 2542 931 2592 sunt
947 2532 1070 2592 sacculo

99 2615 165 2676 XV
186 2615 379 2696 apographa,
410 2637 506 2676 unum
530 2617 722 2695 diligentius,
751 2617 881 2676 alterum
902 2624 1010 2696 utpote
1033 2616 1071 2678 ab

99 2700 184 2761 Italo
206 2701 434 2779 neglegentius.
477 2720 580 2780 neque
602 2711 705 2761 tamen
729 2720 765 2760 eo
787 2700 978 2761 solummodo
1000 2720 1070 2780 pec-

101 2785 187 2845 cauit
198 2782 334 2865 Aurispa
349 2786 432 2864 quod
448 2786 544 2846 multa
559 2786 636 2846 false
653 2786 826 2865 descripsit,
844 2785 940 2845 multa
956 2786 1070 2845 omisit:

99 2870 204 2948 ipsum
223 2870 286 2933 iam
303 2869 354 2929 hic
375 2869 438 2930 illic
460 2871 597 2942 criticum
618 2871 718 2950 egisse
734 2878 836 2949 potest
858 2870 1071 2931 animaduerti.

99 2953 201 3013 ueluti
222 2972 297 3032 pan.
318 2953 370 3013 IX
392 2954 432 3012 22
462 2956 579 3015 ‘cessat
605 2963 687 3015 terra
716 2954 894 3028 noualibus,
926 2955 1072 3015 dicuntur

99 3036 256 3099 interdum
267 3037 394 3098 flumina
409 3039 561 3113 resistere,
578 3040 625 3099 sol
639 3040 707 3117 ipsc
722 3039 865 3100 noctibus
881 3039 1068 3118 acquiescit’,

98 3268 150 3304 nes
162 3252 182 3307 l.
195 3253 215 3304 1.
227 3269 255 3318 p.
268 3256 411 3318 crs-320,
431 3253 518 3306 edidit
530 3255 687 3319 Muellerus,
706 3271 818 3321 quarum
830 3254 973 3319 plerasque
987 3255 1071 3305 etiam

99 3320 276 3385 Upsaliensis
299 3322 417 3374 exhibet.
452 3322 522 3374 false
540 3329 633 3375 autem
656 3337 734 3374 snum
754 3323 875 3374 codicem
898 3338 981 3374 manu
999 3324 1070 3374 Her-

99 3388 162 3455 goti
179 3389 313 3455 scriptum
332 3405 392 3442 esse
410 3392 510 3442 statuit
528 3390 605 3441 idem.
