2406 4012
96 157 136 208 Vl
474 153 692 205 PRAEFATIO.

144 310 202 372 IX.
227 309 294 369 cod.
317 306 635 368 vindobonensis
667 308 708 366 48
738 307 864 367 membr.
895 301 955 387 (u).
994 327 1071 385 pan.

55 403 63 422 ¹
225 393 370 453 II-XII
391 392 530 452 Isidorus
551 391 684 469 Hilberg
706 392 846 454 contulit.

159 480 201 538 X.
226 478 294 539 cod.
310 477 613 537 Malatostianus
628 476 706 556 plut.
724 477 773 552 27,
790 477 809 534 5
824 496 856 554 p.
871 476 929 539 sin.
942 476 1072 536 membr.

223 563 371 640 temporis
393 561 544 640 angustiis
561 559 701 621 Gesonae
724 562 951 620 circumuentus
968 580 1073 639 pauca

225 656 346 706 tantum
367 666 441 724 pan.
461 645 543 706 VIII
565 646 667 723 capita
690 645 830 705 conferre
852 646 947 724 potui.

144 733 204 792 XI.
229 731 298 791 cod.
319 731 488 790 Venetus
510 731 734 790 Marcianus
756 730 834 802 436,
864 730 936 789 olim
958 729 1072 790 Bessa-

226 817 337 887 rionis‚
361 813 485 875 membr.
512 812 574 891 (B).
611 815 679 894 ipse
702 815 828 874 contuli.

125 901 202 960 XII.
226 899 292 961 cod.
307 899 555 979 Upsalionsis
578 919 637 959 scr.
659 900 712 960 lat.
732 900 770 958 18
794 897 889 959 chart.
911 893 973 977 (A).
1003 899 1072 976 ipse

228 983 354 1045 contuli.

97 1080 262 1149 praeterea
296 1068 385 1128 affuit
419 1069 494 1127 mihi
528 1066 686 1144 exemplar
719 1066 863 1127 editionis
896 1066 1072 1140 Nauianae,

98 1154 181 1232 quod
205 1155 277 1213 olim
299 1153 338 1213 ab
355 1152 472 1213 Ottone
487 1151 511 1211 J
512 1151 606 1210 ahnio
625 1170 801 1229 possessum
826 1147 879 1229 [cf.
897 1152 987 1211 catal.
1004 1152 1072 1211 eius

96 1237 166 1298 libr.
190 1239 208 1297 I
228 1258 258 1316 p.
284 1233 359 1314 184]
383 1254 465 1296 nunc
487 1237 521 1294 in
542 1233 731 1296 bibliotheca
752 1236 963 1296 uniuersitatis
986 1236 1072 1295 Bon·

97 1323 204 1382 nensis
233 1328 417 1382 assematur.
461 1321 494 1379 in
521 1338 557 1379 eo
580 1319 652 1381 Fra.
676 1320 825 1380 Pithoeus
847 1320 918 1379 libri
940 1320 1072 1380 alicuius

99 1405 273 1467 Oolbertini
293 1406 444 1466 lectiones
467 1403 641 1465 adnotauit.

161 1490 229 1551 Iam
251 1510 312 1570 quo
336 1488 575 1549 necessitudinis
597 1489 721 1549 uinculo
736 1489 808 1549 libri
830 1509 924 1567 supra
946 1507 1072 1548 enume-

97 1577 157 1636 rati
183 1577 266 1635 inter
293 1594 327 1634 se
348 1582 515 1640 teneantur
543 1573 797 1633 demonstratoris
826 1573 915 1633 nobis
943 1575 976 1631 in
1002 1572 1072 1651 ipso

97 1660 189 1720 huius
228 1659 445 1740 disputationis
480 1658 588 1718 limine
624 1657 804 1718 remouendi
841 1665 913 1717 sunt
949 1657 1073 1717 codices

97 1745 298 1805 Durlacensis
321 1742 546 1805 Riccardianus
568 1743 739 1804 Vaticanus
761 1744 843 1801 3461
868 1737 926 1820 (ς),
953 1743 1073 1820 quippe

98 1830 152 1907 qui
166 1829 409 1908 interpolatione
432 1828 495 1887 sint
515 1829 669 1905 inquinati
685 1825 871 1887 foedissima.
898 1826 1074 1904 quodcum

98 1933 162 1972 non
186 1910 471 1972 animaduerterent
491 1911 551 1970 uiri
575 1909 672 1985 docti,
701 1912 811 1969 mirum
833 1919 908 1989 quot
932 1911 966 1968 in
989 1930 1074 1970 erro·

97 2017 146 2058 res
174 1997 208 2056 in
235 1996 400 2056 uerborum
430 2004 577 2054 contextu
603 1995 821 2055 constituendo
850 1995 971 2073 delapsi
997 1996 1073 2054 sint.

99 2083 186 2141 mitto
208 2080 397 2140 Arntzenios
426 2089 457 2139 61
478 2079 668 2157 Jaegerum:
705 2079 784 2138 illud
805 2100 869 2139 non
892 2079 996 2138 mirari
1019 2099 1074 2139 ne·

99 2185 190 2245 queo,
214 2165 267 2225 uel
288 2164 428 2224 Koilium
450 2182 487 2224 6ο
509 2183 607 2242 usque
630 2164 815 2242 processisse
837 2171 872 2223 ut
887 2163 1074 2223 Uaticanum

99 2251 182 2311 3461
205 2258 362 2329 tamquam
391 2249 515 2308 criticae
538 2248 728 2309 factitandae
757 2248 995 2309 fundamentum
1016 2269 1073 2326 po·

99 2343 203 2407 noret,
243 2354 311 2394 oum
340 2343 444 2394 tamen
476 2333 727 2411 interpolationis
759 2333 848 2410 signa
876 2332 1075 2410 apertissima

99 2419 153 2479 ille
175 2439 250 2499 prae
272 2439 306 2479 so
329 2418 417 2479 ferat.
447 2418 515 2496 quis
538 2420 629 2491 enim,
654 2436 723 2477 cum
745 2436 793 2476 ex.
816 2436 860 2494 gr.
881 2437 956 2495 pan.
966 2416 1033 2475 VII
1055 2419 1073 2476 9

97 2502 195 2564 uerba
217 2505 251 2564 in
272 2504 361 2564 libris
383 2502 513 2582 integris
534 2505 650 2563 leniter
675 2511 818 2582 corrupta
846 2502 919 2560 ‘iam
940 2521 980 2559 ne
1003 2520 1074 2578 pro-

99 2588 150 2647 cul
165 2588 291 2665 quidem
305 2588 449 2647 Rhenum
470 2585 591 2647 audetis
609 2586 764 2647 attollcro'
787 2586 869 2645 huno
892 2585 925 2644 in
947 2585 1076 2644 modum

99 2670 264 2731 ridiculum
291 2672 325 2729 in
348 2689 364 2738 ς
392 2677 528 2729 correcta
555 2671 673 2728 ‘oculos
701 2669 823 2729 audetis
846 2669 1000 2728 attollere'
1028 2672 1075 2729 ui-

100 2756 173 2816 deat
196 2765 249 2815 aut
263 2775 336 2833 pan.
352 2754 385 2812 X
400 2755 440 2813 23
463 2753 559 2814 uerba
573 2752 688 2814 tradita
709 2752 808 2813 ‘iuxta
825 2753 1077 2831 magnitudinem

100 2839 288 2900 exantlandi
311 2838 424 2917 operis'
447 2837 505 2897 hac
519 2857 618 2917 praua
641 2838 816 2898 coniectura
838 2838 871 2895 in
888 2856 904 2907 ς
924 2846 1077 2914 temptata

100 2943 168 2984 esse
200 2933 236 2983 ut
267 2942 323 3003 pro
353 2922 563 2983 ‘exanclandi'
597 2922 796 2983 substitutum
829 2923 870 2982 sit
898 2922 1074 2997 ‘audendi',

99 3009 184 3087 quis,
209 3008 351 3087 inquam,
381 3008 434 3086 qui
455 3007 533 3068 haec
554 3006 675 3081 uideat,
705 3028 768 3067 non
790 3007 894 3066 statim
916 3004 954 3067 de
977 3009 1075 3067 inter-

100 3092 240 3172 polatore
262 3092 338 3152 mihi
361 3091 532 3151 concedet?
556 3101 587 3153 et
605 3092 682 3152 hacc
697 3092 823 3172 quidem
845 3092 906 3151 duo
930 3093 1076 3169 exempla

101 3197 140 3238 ex
161 3177 331 3237 innumeris
353 3194 495 3256 promere
523 3177 643 3237 sufficit.
687 3179 731 3237 ita
759 3184 862 3237 autem
888 3176 921 3234 in
946 3176 1076 3235 uniuer-

100 3281 167 3321 sum
194 3259 334 3322 codicum
360 3261 560 3322 Durlaccnsis
589 3261 787 3321 Riccardiani
809 3261 955 3321 Vaticani
988 3261 1074 3321 3461

99 3345 250 3406 lectiones
279 3346 484 3426 interpolatae
520 3348 718 3407 consentiunt
749 3355 783 3405 ut
812 3345 850 3404 ab
880 3365 943 3403 una
974 3346 1075 3424 stirpe

100 3449 164 3490 non
179 3432 361 3510 prouenisse
384 3440 550 3510 nequeant.
580 3431 663 3491 felici
686 3439 788 3491 autem
810 3449 881 3490 oasu
904 3429 979 3488 mihi
999 3449 1074 3490 con-
