2406 4012
257 104 474 157 GRATIARUM
491 106 601 158 ACTIO
620 107 783 160 IULIANO.
808 110 916 158 12-14.
1007 107 1070 173 255

101 256 157 319 riti
178 276 246 319 non
268 254 364 317 modo
386 255 564 338 imperium,
587 256 642 319 sed
665 257 760 320 etiam
783 257 884 320 uitam
902 258 1007 340 perosi
1029 260 1070 322 ad

101 338 272 405 inferiores
294 339 417 421 aliquos
439 339 561 403 inferos
589 342 692 405 redire
714 343 939 424 properabunt.
983 342 1069 406 uide-

101 425 186 489 bunt
207 424 293 488 enim
315 423 432 486 iustum
454 424 669 507 principatum
692 425 854 489 laboribus
884 426 966 490 curis
988 426 1069 511 uigi-

100 510 153 573 liis
181 508 376 591 inquietum,
406 509 494 572 cuius
518 509 567 572 illi
589 509 705 573 faciem
733 532 901 574 amoenam
930 514 962 574 et
984 532 1068 574 ama-

100 594 199 659 bilem
228 593 481 674 contemplantes
503 593 647 656 laborum
674 616 787 676 aspera
814 617 881 658 non
906 595 1095 658 uidebants

164 675 255 741 XIV.
300 675 380 741 eum
407 677 507 759 igitur
534 678 619 741 inter
645 680 775 762 egregia
802 682 933 764 negotia
955 681 1069 744 itinere

102 762 253 828 confecto
280 782 379 844 usque
408 761 448 824 ad
470 761 623 826 Thraciae
649 762 729 825 fines
756 767 946 845 peruentum
973 765 1067 845 foret,

102 847 222 913 cursim
250 845 404 927 disposito
433 847 589 910 exereitus
618 852 796 909 commeatu
824 847 864 910 ad
890 847 1069 911 Romanam

99 931 215 995 urbem
237 950 385 993 annonae
407 951 542 994 uacuam
564 934 704 994 mentem
727 931 860 994 reflexit.
895 932 1068 1013 quemlibet

99 1017 201 1080 alium
224 1037 243 1077 a
265 1014 475 1077 subueniendi
503 1015 669 1078 conatibus
692 1015 884 1101 grauissima
905 1015 1008 1079 fames
1037 1019 1107 1078 etn

97 1099 320 1165 tristissimum
342 1099 549 1181 reipublicae
570 1100 746 1182 periculum
769 1100 983 1167 deterruisset.
1014 1100 1068 1163 sed

99 1183 271 1269 stipendiis
297 1183 533 1265 prouinciarum
562 1187 595 1247 et
615 1185 802 1267 patrimonii
828 1185 877 1248 sui
898 1185 1066 1266 fructibuS,

97 1274 169 1335 tum
186 1267 324 1350 undique
338 1267 509 1332 frumentis
531 1270 685 1351 coemptis
700 1290 798 1352 usque
819 1270 858 1332 ad
873 1269 1068 1350 opulentiam

101 1352 361 1435 [abundantiam]
386 1353 578 1417 esurientem
599 1354 664 1416 iam
685 1353 795 1417 urbem
815 1353 952 1417 refersit.
985 1354 1069 1418 dicet

99 1437 232 1521 aliquis:
256 1436 424 1519 ‘quomodo
439 1441 506 1500 tarn
528 1437 629 1500 multa
646 1440 713 1500 tam
727 1438 818 1500 breui
832 1441 976 1519 tempore
985 1437 1011 1499 ‘l'
1037 1442 1106 1500 et1⁵

98 1527 199 1587 recte.
244 1521 300 1585 sed
322 1521 495 1604 imperator
521 1525 630 1585 noster
656 1520 744 1584 addit
772 1520 811 1584 ad
833 1525 959 1603 tempus
985 1521 1069 1602 quod

99 1607 168 1671 otio
197 1627 254 1669 suo
276 1606 426 1669 detrahit.
470 1606 552 1669 nihil
575 1626 704 1688 somno,
734 1605 817 1668 nihil
840 1607 956 1687 epuliS,
986 1603 1069 1667 nihil

100 1692 168 1756 otio
197 1691 326 1771 tribuit3
362 1691 433 1773 ipsa
461 1712 494 1753 se
527 1689 723 1753 naturalium
755 1689 1068 1771 necessariarumque

97 1796 208 1840 rerum
229 1775 436 1856 usurpatione
458 1775 620 1858 defrudat3
654 1777 740 1838 totus
768 1774 943 1837 commodis
966 1773 1068 1857 publi-

100 1862 147 1925 cis
169 1862 272 1923 uacat.
304 1860 410 1942 itaque
433 1859 651 1943 grandaeuum
673 1859 736 1922 iam
759 1859 927 1942 imperium
949 1858 1068 1922 uidebi-
1082 1877 1107 1916 2⁰

98 1948 156 2009 tur
183 1944 234 2007 his
256 1943 310 2026 qui
337 1965 402 2006 non
432 1944 556 2008 ratione
578 1945 701 2008 dierum
728 1948 783 2008 aut
810 1946 984 2024 mensium,
1013 1943 1068 2007 sed

99 2050 233 2113 operum
247 2027 453 2091 multitudine
475 2032 507 2092 et
522 2029 708 2093 effectarum
723 2051 829 2092 rerum
844 2031 937 2093 modo
951 2028 1069 2091 Iuliani

98 2117 246 2195 tempora
274 2112 456 2176 metientur.
503 2134 575 2177 cum
600 2113 738 2176 Romani
765 2113 876 2196 populi
904 2113 1008 2174 uictus
1036 2114 1069 2174 et

99 2198 258 2263 exereitus
281 2200 475 2260 commeatus
499 2200 582 2260 esset
603 2198 638 2259 in
659 2196 805 2276 nauibus,
833 2197 868 2259 in
890 2195 995 2258 media
1017 2216 1068 2256 ex-

98 2281 276 2367 pediendae
298 2302 445 2345 annonae
467 2280 681 2363 trepidatione
706 2281 838 2343 nuntius
860 2280 950 2342 uenit
971 2278 1068 2361 pluri·
1081 2294 1107 2333 25

99 2388 170 2431 mas
198 2387 298 2430 naues
325 2366 480 2429 Africano
508 2365 616 2428 tritico
645 2385 760 2449 graues
789 2364 866 2426 litus
891 2362 1068 2427 Achaicum

97 2454 336 2535 praeteruectas
359 2449 672 2532 Constantinopolim
693 2449 887 2531 paruolasse.
931 2448 1068 2531 permoti

99 2557 211 2599 omnes
234 2539 266 2599 et
287 2535 438 2598 aduersus
462 2555 515 2597 eos
538 2534 592 2616 qui
615 2556 703 2597 oram
725 2532 919 2596 maritimam
936 2532 1068 2596 tueban-

99 2623 154 2684 tur
185 2620 262 2684 irati
294 2622 441 2682 uenimus
475 2621 515 2682 ad
544 2619 737 2703 prinoipem3
775 2618 896 2682 desidia
927 2617 1068 2682 iudicum

98 2708 228 2769 tantum
261 2705 381 2787 perisse
412 2704 567 2767 frumenti
601 2706 747 2769 certatim
779 2724 838 2787 pro
873 2724 906 2766 se
935 2704 1068 2786 quisque
1081 2718 1106 2756 ³0

101 2788 337 2872 conquerimur.
383 2792 416 2851 at
437 2789 593 2851 maximus
615 2790 789 2872 imperator
816 2808 963 2851 serenum
984 2788 1067 2850 reni-

100 2874 198 2936 dens:
221 2872 303 2936 nihil
327 2895 395 2937 esse
417 2876 594 2956 peecatum,
619 2894 684 2935 non
706 2872 767 2934 sibi
783 2871 903 2952 perisse
926 2891 1006 2952 quae
1029 2869 1067 2931 ad

169 3096 302 3145 iinferis
323 3095 465 3146 Gronouius
497 3096 501 3153 Ι
533 3095 754 3158 properabantc
789 3089 798 3156 ΙΙ
832 3090 942 3141 acoris
960 3088 1067 3153 uigiliis

99 3180 146 3214 orn.
167 3162 242 3213 Bert.
265 3160 276 3227 ΙΙ
301 3166 333 3213 10
351 3168 379 3213 et
396 3164 418 3210 A
436 3162 525 3212 Bert:
545 3178 590 3212 om.
609 3162 629 3209 B
648 3162 665 3209 0
683 3161 705 3208 V
722 3160 754 3207 W
775 3157 785 3224 ΙΙ
810 3161 841 3209 13
861 3156 994 3220 coemptis
1012 3156 1068 3205 fru-

100 3232 201 3280 mentis
220 3230 295 3280 Bert.
326 3227 336 3294 ΙΙ
368 3233 398 3280 14
416 3229 632 3280 habundantiam
650 3229 686 3293 A,
706 3231 775 3293 quod
791 3229 890 3276 seclusi.
909 3223 1068 3275 habundan-

98 3298 223 3362 tiemque
241 3298 261 3346 B
274 3300 292 3346 0
305 3299 325 3345 V
337 3299 370 3346 W
394 3297 403 3362 ΙΙ
429 3300 460 3348 18
478 3299 567 3362 ipsum
586 3300 603 3345 c
618 3295 623 3360 Ι
638 3297 876 3358 necessariumque
893 3294 915 3340 A
937 3290 947 3357 ss
972 3294 1003 3342 19
1022 3291 1068 3342 de-

100 3366 197 3415 trudat
214 3367 237 3414 A
254 3366 345 3415 Bari„-
364 3364 511 3416 defraudat
528 3364 656 3413 BcVW
672 3366 675 3427 Ι
690 3363 811 3429 publicis
830 3360 976 3412 commodis
994 3360 1068 3411 Bert.

99 3436 108 3491 ἰ,
126 3435 160 3482 24
178 3434 296 3483 nauibus
314 3436 387 3483 edd:
405 3433 530 3483 manibus
549 3434 576 3479 ii
594 3433 668 3482 Bert.
