<?xml version="1.0" encoding="UTF-8"?>
<!DOCTYPE html PUBLIC "-//W3C//DTD XHTML 1.0 Transitional//EN"
    "http://www.w3.org/TR/xhtml1/DTD/xhtml1-transitional.dtd">
<html xmlns="http://www.w3.org/1999/xhtml" xml:lang="en" lang="en">
 <head>
  <title>
</title>
<meta http-equiv="Content-Type" content="text/html;charset=utf-8" />
  <meta name='ocr-system' content='tesseract 3.04.00' />
  <meta name='ocr-capabilities' content='ocr_page ocr_carea ocr_par ocr_line ocrx_word'/>
</head>
<body>
  <div class='ocr_page' id='page_1' title='image "./xiipanegyricila01baehgoog_0299.png"; bbox 0 0 2406 4012; ppageno 0'>
   <div class='ocr_carea' id='block_1_1' title="bbox 131 228 762 294">
    <p class='ocr_par' dir='ltr' id='par_1_1' title="bbox 131 228 762 294">
     <span class='ocr_line' id='line_1_1' title="bbox 131 228 762 294; baseline 0.002 -13"><span class='ocrx_word' id='word_1_1' title='bbox 131 228 194 294; x_wconf 76' lang='lat'><strong>266</strong></span> <span class='ocrx_word' id='word_1_2' title='bbox 475 228 522 282; x_wconf 84' lang='lat' dir='ltr'><strong>xi.</strong></span> <span class='ocrx_word' id='word_1_3' title='bbox 551 230 762 282; x_wconf 82' lang='grc'><strong>1111111111</strong></span> 
     </span>
    </p>
   </div>
   <div class='ocr_carea' id='block_1_2' title="bbox 96 372 1141 2992">
    <p class='ocr_par' dir='ltr' id='par_1_2' title="bbox 131 372 1077 467">
     <span class='ocr_line' id='line_1_2' title="bbox 131 372 1077 467; baseline 0 -22"><span class='ocrx_word' id='word_1_4' title='bbox 131 379 252 467; x_wconf 84' lang='lat' dir='ltr'><strong>habet]</strong></span> <span class='ocrx_word' id='word_1_5' title='bbox 291 381 326 444; x_wconf 92' lang='lat' dir='ltr'><strong>in</strong></span> <span class='ocrx_word' id='word_1_6' title='bbox 348 380 538 463; x_wconf 82' lang='lat' dir='ltr'><strong>recipiendis</strong></span> <span class='ocrx_word' id='word_1_7' title='bbox 561 381 672 445; x_wconf 89' lang='lat' dir='ltr'><strong>amicis</strong></span> <span class='ocrx_word' id='word_1_8' title='bbox 696 381 835 463; x_wconf 86' lang='lat' dir='ltr'><strong>optimus</strong></span> <span class='ocrx_word' id='word_1_9' title='bbox 858 381 952 445; x_wconf 84' lang='lat' dir='ltr'><strong>iudex</strong></span> <span class='ocrx_word' id='word_1_10' title='bbox 974 386 1026 445; x_wconf 86' lang='lat' dir='ltr'><strong>est.</strong></span> <span class='ocrx_word' id='word_1_11' title='bbox 1056 372 1077 445; x_wconf 78' lang='lat' dir='ltr'><strong>ri</strong></span> 
     </span>
    </p>

    <p class='ocr_par' dir='ltr' id='par_1_3' title="bbox 132 464 1078 549">
     <span class='ocr_line' id='line_1_3' title="bbox 132 464 1078 549; baseline 0 -20"><span class='ocrx_word' id='word_1_12' title='bbox 132 465 231 549; x_wconf 84' lang='lat' dir='ltr'>aliqui</span> <span class='ocrx_word' id='word_1_13' title='bbox 253 470 328 528; x_wconf 87' lang='lat' dir='ltr'><strong>sunt</strong></span> <span class='ocrx_word' id='word_1_14' title='bbox 341 465 489 547; x_wconf 84' lang='lat' dir='ltr'>improbi,</span> <span class='ocrx_word' id='word_1_15' title='bbox 511 465 687 529; x_wconf 73' lang='lat' dir='ltr'>tolerandis</span> <span class='ocrx_word' id='word_1_16' title='bbox 706 464 913 528; x_wconf 82' lang='lat' dir='ltr'><strong>familiarium</strong></span> <span class='ocrx_word' id='word_1_17' title='bbox 935 465 1018 529; x_wconf 86' lang='lat' dir='ltr'><strong>uitiis</strong></span> <span class='ocrx_word' id='word_1_18' title='bbox 1033 466 1078 529; x_wconf 89' lang='lat' dir='ltr'><strong>im·</strong></span> 
     </span>
    </p>

    <p class='ocr_par' dir='ltr' id='par_1_4' title="bbox 132 549 1113 698">
     <span class='ocr_line' id='line_1_4' title="bbox 132 549 1109 613; baseline -0.002 0"><span class='ocrx_word' id='word_1_19' title='bbox 132 550 296 613; x_wconf 84' lang='lat' dir='ltr'><strong>mutabilis</strong></span> <span class='ocrx_word' id='word_1_20' title='bbox 320 553 368 613; x_wconf 88' lang='lat' dir='ltr'><strong>est</strong></span> <span class='ocrx_word' id='word_1_21' title='bbox 391 549 522 612; x_wconf 86' lang='lat' dir='ltr'><strong>amicus.</strong></span> <span class='ocrx_word' id='word_1_22' title='bbox 1106 606 1109 611; x_wconf 91' lang='lat'>.</span> 
     </span>
     <span class='ocr_line' id='line_1_5' title="bbox 195 633 1113 698; baseline 0.001 -2"><span class='ocrx_word' id='word_1_23' title='bbox 195 633 330 698; x_wconf 89' lang='lat' dir='ltr'>XXVII.</span> <span class='ocrx_word' id='word_1_24' title='bbox 361 635 407 696; x_wconf 87' lang='lat' dir='ltr'><strong>At</strong></span> <span class='ocrx_word' id='word_1_25' title='bbox 421 637 549 697; x_wconf 87' lang='lat' dir='ltr'><strong>mutant</strong></span> <span class='ocrx_word' id='word_1_26' title='bbox 563 633 719 697; x_wconf 87' lang='lat' dir='ltr'><strong>secundae</strong></span> <span class='ocrx_word' id='word_1_27' title='bbox 733 654 784 697; x_wconf 90' lang='lat' dir='ltr'><strong>res</strong></span> <span class='ocrx_word' id='word_1_28' title='bbox 800 633 934 697; x_wconf 90' lang='lat' dir='ltr'><strong>animos.</strong></span> <span class='ocrx_word' id='word_1_29' title='bbox 957 637 1081 698; x_wconf 85' lang='lat' dir='ltr'><strong>nostrum</strong></span> <span class='ocrx_word' id='word_1_30' title='bbox 1107 650 1113 659; x_wconf 92' lang='grc'><em>·</em></span> 
     </span>
    </p>

    <p class='ocr_par' dir='ltr' id='par_1_5' title="bbox 106 715 1091 1139">
     <span class='ocr_line' id='line_1_6' title="bbox 106 715 1081 801; baseline 0.004 -26"><span class='ocrx_word' id='word_1_31' title='bbox 106 736 120 775; x_wconf 82' lang='lat' dir='ltr'><strong>s</strong></span> <span class='ocrx_word' id='word_1_32' title='bbox 132 718 311 801; x_wconf 86' lang='lat' dir='ltr'><strong>principem</strong></span> <span class='ocrx_word' id='word_1_33' title='bbox 327 719 352 781; x_wconf 91' lang='lat' dir='ltr'><strong>si</strong></span> <span class='ocrx_word' id='word_1_34' title='bbox 369 718 512 781; x_wconf 91' lang='lat' dir='ltr'><strong>nondum</strong></span> <span class='ocrx_word' id='word_1_35' title='bbox 527 720 742 798; x_wconf 86' lang='lat' dir='ltr'><strong>mutauerunt‚</strong></span> <span class='ocrx_word' id='word_1_36' title='bbox 765 718 893 801; x_wconf 85' lang='lat' dir='ltr'><strong>quando</strong></span> <span class='ocrx_word' id='word_1_37' title='bbox 907 715 1081 782; x_wconf 77' lang='lat' dir='ltr'><strong>mutabunt?</strong></span> 
     </span>
     <span class='ocr_line' id='line_1_7' title="bbox 132 801 1086 886; baseline 0 -22"><span class='ocrx_word' id='word_1_38' title='bbox 132 802 220 865; x_wconf 89' lang='lat' dir='ltr'><strong>cuius</strong></span> <span class='ocrx_word' id='word_1_39' title='bbox 243 824 394 885; x_wconf 88' lang='lat' dir='ltr'><strong>umquam</strong></span> <span class='ocrx_word' id='word_1_40' title='bbox 418 803 555 866; x_wconf 88' lang='lat' dir='ltr'><strong>diuinior</strong></span> <span class='ocrx_word' id='word_1_41' title='bbox 576 802 716 866; x_wconf 86' lang='lat' dir='ltr'><strong>felicitas</strong></span> <span class='ocrx_word' id='word_1_42' title='bbox 738 801 826 865; x_wconf 85' lang='lat' dir='ltr'><strong>fuit?</strong></span> <span class='ocrx_word' id='word_1_43' title='bbox 868 802 965 886; x_wconf 87' lang='lat' dir='ltr'><strong>paulo</strong></span> <span class='ocrx_word' id='word_1_44' title='bbox 988 804 1086 866; x_wconf 86' lang='lat' dir='ltr'><strong>antea</strong></span> 
     </span>
     <span class='ocr_line' id='line_1_8' title="bbox 131 884 1085 970; baseline 0 -22"><span class='ocrx_word' id='word_1_45' title='bbox 131 886 276 950; x_wconf 85' lang='lat' dir='ltr'><strong>liberatis</strong></span> <span class='ocrx_word' id='word_1_46' title='bbox 301 888 425 950; x_wconf 84' lang='lat' dir='ltr'><strong>Galliae</strong></span> <span class='ocrx_word' id='word_1_47' title='bbox 451 887 628 970; x_wconf 90' lang='lat' dir='ltr'><strong>prouinciis</strong></span> <span class='ocrx_word' id='word_1_48' title='bbox 656 887 757 949; x_wconf 90' lang='lat' dir='ltr'><strong>lassus</strong></span> <span class='ocrx_word' id='word_1_49' title='bbox 785 886 993 950; x_wconf 86' lang='lat' dir='ltr'><strong>inimicorum</strong></span> <span class='ocrx_word' id='word_1_50' title='bbox 1017 884 1085 969; x_wconf 90' lang='lat' dir='ltr'><strong>capi-</strong></span> 
     </span>
     <span class='ocr_line' id='line_1_9' title="bbox 132 969 1088 1055; baseline -0.001 -22"><span class='ocrx_word' id='word_1_51' title='bbox 132 971 245 1035; x_wconf 85' lang='lat' dir='ltr'><strong>talium</strong></span> <span class='ocrx_word' id='word_1_52' title='bbox 273 973 392 1055; x_wconf 85' lang='lat' dir='ltr'><strong>apertis</strong></span> <span class='ocrx_word' id='word_1_53' title='bbox 421 972 517 1034; x_wconf 86' lang='lat' dir='ltr'><strong>armis</strong></span> <span class='ocrx_word' id='word_1_54' title='bbox 546 974 578 1034; x_wconf 88' lang='lat' dir='ltr'><strong>et</strong></span> <span class='ocrx_word' id='word_1_55' title='bbox 606 970 739 1034; x_wconf 86' lang='lat' dir='ltr'><strong>occultis</strong></span> <span class='ocrx_word' id='word_1_56' title='bbox 765 969 894 1034; x_wconf 86' lang='lat' dir='ltr'><strong>insidiis</strong></span> <span class='ocrx_word' id='word_1_57' title='bbox 915 970 1088 1054; x_wconf 75' lang='lat' dir='ltr'>petebatur:</span> 
     </span>
     <span class='ocr_line' id='line_1_10' title="bbox 133 1053 1091 1139; baseline -0.001 -20"><span class='ocrx_word' id='word_1_58' title='bbox 133 1057 167 1119; x_wconf 90' lang='lat' dir='ltr'><strong>in</strong></span> <span class='ocrx_word' id='word_1_59' title='bbox 182 1057 327 1139; x_wconf 89' lang='lat' dir='ltr'><strong>pauculis</strong></span> <span class='ocrx_word' id='word_1_60' title='bbox 349 1056 512 1120; x_wconf 89' lang='lat' dir='ltr'><strong>mensibus</strong></span> <span class='ocrx_word' id='word_1_61' title='bbox 528 1056 637 1119; x_wconf 90' lang='lat' dir='ltr'><strong>diuino</strong></span> <span class='ocrx_word' id='word_1_62' title='bbox 653 1075 785 1119; x_wconf 89' lang='lat' dir='ltr'><strong>munere</strong></span> <span class='ocrx_word' id='word_1_63' title='bbox 800 1053 932 1138; x_wconf 81' lang='lat' dir='ltr'><strong>Libyae,</strong></span> <span class='ocrx_word' id='word_1_64' title='bbox 954 1054 1091 1137; x_wconf 75' lang='lat' dir='ltr'><strong>Europae</strong></span> 
     </span>
    </p>

    <p class='ocr_par' dir='ltr' id='par_1_6' title="bbox 96 1139 1141 1559">
     <span class='ocr_line' id='line_1_11' title="bbox 96 1139 1093 1224; baseline 0.004 -27"><span class='ocrx_word' id='word_1_65' title='bbox 96 1160 121 1198; x_wconf 91' lang='lat'><strong>10</strong></span> <span class='ocrx_word' id='word_1_66' title='bbox 134 1141 294 1222; x_wconf 82' lang='lat' dir='ltr'><strong>Asiaeque</strong></span> <span class='ocrx_word' id='word_1_67' title='bbox 324 1143 475 1224; x_wconf 87' lang='lat' dir='ltr'><strong>regnator</strong></span> <span class='ocrx_word' id='word_1_68' title='bbox 502 1148 560 1204; x_wconf 87' lang='lat' dir='ltr'><strong>est.</strong></span> <span class='ocrx_word' id='word_1_69' title='bbox 604 1161 685 1222; x_wconf 89' lang='lat' dir='ltr'><strong>quae</strong></span> <span class='ocrx_word' id='word_1_70' title='bbox 711 1140 835 1202; x_wconf 89' lang='lat' dir='ltr'><strong>maiora</strong></span> <span class='ocrx_word' id='word_1_71' title='bbox 864 1139 1093 1221; x_wconf 76' lang='lat' dir='ltr'><strong>expectabimus</strong></span> 
     </span>
     <span class='ocr_line' id='line_1_12' title="bbox 134 1221 1128 1306; baseline 0 -20"><span class='ocrx_word' id='word_1_72' title='bbox 134 1223 184 1286; x_wconf 90' lang='lat' dir='ltr'><strong>dei</strong></span> <span class='ocrx_word' id='word_1_73' title='bbox 207 1225 371 1306; x_wconf 85' lang='lat' dir='ltr'><strong>praemia?</strong></span> <span class='ocrx_word' id='word_1_74' title='bbox 403 1246 483 1306; x_wconf 90' lang='lat' dir='ltr'><strong>quae</strong></span> <span class='ocrx_word' id='word_1_75' title='bbox 505 1224 652 1288; x_wconf 83' lang='lat' dir='ltr'><strong>uberiora</strong></span> <span class='ocrx_word' id='word_1_76' title='bbox 674 1223 758 1285; x_wconf 87' lang='lat' dir='ltr'><strong>dona</strong></span> <span class='ocrx_word' id='word_1_77' title='bbox 780 1221 969 1286; x_wconf 77' lang='lat' dir='ltr'><strong>Fortunae?</strong></span> <span class='ocrx_word' id='word_1_78' title='bbox 998 1222 1095 1287; x_wconf 85' lang='lat' dir='ltr'><strong>uidete</strong></span> <span class='ocrx_word' id='word_1_79' title='bbox 1125 1272 1128 1277; x_wconf 87' lang='lat'>.</span> 
     </span>
     <span class='ocr_line' id='line_1_13' title="bbox 133 1307 1097 1390; baseline 0.001 -20"><span class='ocrx_word' id='word_1_80' title='bbox 133 1329 210 1370; x_wconf 91' lang='lat' dir='ltr'><strong>num</strong></span> <span class='ocrx_word' id='word_1_81' title='bbox 239 1307 387 1370; x_wconf 91' lang='lat' dir='ltr'><strong>secundis</strong></span> <span class='ocrx_word' id='word_1_82' title='bbox 415 1309 508 1371; x_wconf 85' lang='lat' dir='ltr'><strong>rebus</strong></span> <span class='ocrx_word' id='word_1_83' title='bbox 538 1308 638 1371; x_wconf 90' lang='lat' dir='ltr'><strong>elatus</strong></span> <span class='ocrx_word' id='word_1_84' title='bbox 665 1307 784 1390; x_wconf 86' lang='lat' dir='ltr'><strong>aliquid</strong></span> <span class='ocrx_word' id='word_1_85' title='bbox 812 1307 850 1370; x_wconf 88' lang='lat' dir='ltr'><strong>de</strong></span> <span class='ocrx_word' id='word_1_86' title='bbox 873 1308 990 1389; x_wconf 87' lang='lat' dir='ltr'><strong>prioris</strong></span> <span class='ocrx_word' id='word_1_87' title='bbox 1019 1307 1097 1371; x_wconf 75' lang='lat' dir='ltr'><strong>uitae</strong></span> 
     </span>
     <span class='ocr_line' id='line_1_14' title="bbox 133 1391 1141 1501; baseline 0.003 -48"><span class='ocrx_word' id='word_1_88' title='bbox 133 1391 377 1454; x_wconf 84' lang='lat' dir='ltr'><strong>mansuetudine</strong></span> <span class='ocrx_word' id='word_1_89' title='bbox 410 1396 442 1454; x_wconf 86' lang='lat' dir='ltr'><strong>et</strong></span> <span class='ocrx_word' id='word_1_90' title='bbox 474 1393 691 1456; x_wconf 87' lang='lat' dir='ltr'><strong>moderatione</strong></span> <span class='ocrx_word' id='word_1_91' title='bbox 723 1392 905 1454; x_wconf 88' lang='lat' dir='ltr'><strong>mutauerit.</strong></span> <span class='ocrx_word' id='word_1_92' title='bbox 956 1391 1099 1470; x_wconf 88' lang='lat' dir='ltr'><strong>mutauit,</strong></span> <span class='ocrx_word' id='word_1_93' title='bbox 1134 1411 1141 1501; x_wconf 64' lang='lat' dir='ltr'><strong>p</strong></span> 
     </span>
     <span class='ocr_line' id='line_1_15' title="bbox 134 1474 1141 1559; baseline 0.001 -21"><span class='ocrx_word' id='word_1_94' title='bbox 134 1476 229 1559; x_wconf 88' lang='lat' dir='ltr'><strong>plane</strong></span> <span class='ocrx_word' id='word_1_95' title='bbox 262 1476 410 1539; x_wconf 88' lang='lat' dir='ltr'><strong>mutauit.</strong></span> <span class='ocrx_word' id='word_1_96' title='bbox 461 1499 536 1540; x_wconf 91' lang='lat' dir='ltr'><strong>nam</strong></span> <span class='ocrx_word' id='word_1_97' title='bbox 578 1474 700 1539; x_wconf 87' lang='lat' dir='ltr'><strong>ciuilior</strong></span> <span class='ocrx_word' id='word_1_98' title='bbox 736 1475 841 1539; x_wconf 84' lang='lat' dir='ltr'><strong>factus</strong></span> <span class='ocrx_word' id='word_1_99' title='bbox 875 1496 1100 1559; x_wconf 87' lang='lat' dir='ltr'><strong>prosperorum</strong></span> <span class='ocrx_word' id='word_1_100' title='bbox 1138 1510 1141 1551; x_wconf 83' lang='lat'>;</span> 
     </span>
    </p>

    <p class='ocr_par' dir='ltr' id='par_1_7' title="bbox 96 1560 1141 1983">
     <span class='ocr_line' id='line_1_16' title="bbox 96 1560 1101 1646; baseline 0.004 -27"><span class='ocrx_word' id='word_1_101' title='bbox 96 1579 121 1620; x_wconf 83' lang='lat'><strong>15</strong></span> <span class='ocrx_word' id='word_1_102' title='bbox 135 1561 269 1646; x_wconf 75' lang='lat' dir='ltr'><strong>infregit</strong></span> <span class='ocrx_word' id='word_1_103' title='bbox 291 1561 455 1624; x_wconf 87' lang='lat' dir='ltr'><strong>inuidiam.</strong></span> <span class='ocrx_word' id='word_1_104' title='bbox 489 1562 540 1625; x_wconf 89' lang='lat' dir='ltr'><strong>cui</strong></span> <span class='ocrx_word' id='word_1_105' title='bbox 561 1582 628 1623; x_wconf 92' lang='lat' dir='ltr'><strong>non</strong></span> <span class='ocrx_word' id='word_1_106' title='bbox 650 1560 702 1623; x_wconf 91' lang='lat' dir='ltr'><strong>uel</strong></span> <span class='ocrx_word' id='word_1_107' title='bbox 724 1560 803 1623; x_wconf 92' lang='lat' dir='ltr'><strong>illud</strong></span> <span class='ocrx_word' id='word_1_108' title='bbox 825 1563 954 1645; x_wconf 82' lang='lat' dir='ltr'><strong>tempus</strong></span> <span class='ocrx_word' id='word_1_109' title='bbox 978 1560 1101 1625; x_wconf 84' lang='lat' dir='ltr'><strong>sedatae</strong></span> 
     </span>
     <span class='ocr_line' id='line_1_17' title="bbox 134 1644 1141 1729; baseline -0.006 -20"><span class='ocrx_word' id='word_1_110' title='bbox 134 1646 283 1729; x_wconf 85' lang='lat' dir='ltr'><strong>praebuit</strong></span> <span class='ocrx_word' id='word_1_111' title='bbox 315 1646 431 1709; x_wconf 88' lang='lat' dir='ltr'><strong>mentis</strong></span> <span class='ocrx_word' id='word_1_112' title='bbox 459 1645 612 1709; x_wconf 89' lang='lat' dir='ltr'><strong>indicium</strong></span> <span class='ocrx_word' id='word_1_113' title='bbox 640 1666 702 1727; x_wconf 90' lang='lat' dir='ltr'><strong>quo</strong></span> <span class='ocrx_word' id='word_1_114' title='bbox 731 1645 884 1708; x_wconf 88' lang='lat' dir='ltr'><strong>horrendi</strong></span> <span class='ocrx_word' id='word_1_115' title='bbox 910 1644 991 1708; x_wconf 88' lang='lat' dir='ltr'><strong>belli</strong></span> <span class='ocrx_word' id='word_1_116' title='bbox 1020 1648 1103 1709; x_wconf 86' lang='lat' dir='ltr'><strong>metu</strong></span> <span class='ocrx_word' id='word_1_117' title='bbox 1139 1698 1141 1703; x_wconf 91' lang='lat'><em>.</em></span> 
     </span>
     <span class='ocr_line' id='line_1_18' title="bbox 134 1728 1103 1814; baseline 0 -22"><span class='ocrx_word' id='word_1_118' title='bbox 134 1753 168 1794; x_wconf 87' lang='grc'><strong>11</strong></span> <span class='ocrx_word' id='word_1_119' title='bbox 191 1730 319 1814; x_wconf 86' lang='lat' dir='ltr'><strong>publica</strong></span> <span class='ocrx_word' id='word_1_120' title='bbox 341 1730 476 1793; x_wconf 89' lang='lat' dir='ltr'><strong>liberata</strong></span> <span class='ocrx_word' id='word_1_121' title='bbox 498 1730 573 1793; x_wconf 85' lang='lat' dir='ltr'><strong>elati</strong></span> <span class='ocrx_word' id='word_1_122' title='bbox 596 1750 704 1792; x_wconf 90' lang='lat' dir='ltr'><strong>sumus</strong></span> <span class='ocrx_word' id='word_1_123' title='bbox 730 1728 836 1792; x_wconf 84' lang='lat' dir='ltr'><strong>cuncti</strong></span> <span class='ocrx_word' id='word_1_124' title='bbox 858 1729 1022 1812; x_wconf 84' lang='lat' dir='ltr'><strong>gestiente</strong></span> <span class='ocrx_word' id='word_1_125' title='bbox 1043 1730 1103 1793; x_wconf 80' lang='lat' dir='ltr'><strong>lae</strong></span> 
     </span>
     <span class='ocr_line' id='line_1_19' title="bbox 134 1811 1105 1898; baseline 0 -21"><span class='ocrx_word' id='word_1_126' title='bbox 134 1815 232 1879; x_wconf 80' lang='lat' dir='ltr'><strong>titia?</strong></span> <span class='ocrx_word' id='word_1_127' title='bbox 255 1815 310 1878; x_wconf 85' lang='lat' dir='ltr'><strong>sed</strong></span> <span class='ocrx_word' id='word_1_128' title='bbox 324 1814 506 1898; x_wconf 77' lang='lat' dir='ltr'><strong>imperator,</strong></span> <span class='ocrx_word' id='word_1_129' title='bbox 530 1835 720 1897; x_wconf 88' lang='lat' dir='ltr'><strong>quamquam</strong></span> <span class='ocrx_word' id='word_1_130' title='bbox 737 1811 868 1876; x_wconf 88' lang='lat' dir='ltr'><strong>caelesti</strong></span> <span class='ocrx_word' id='word_1_131' title='bbox 889 1834 952 1896; x_wconf 91' lang='lat' dir='ltr'><strong>ope</strong></span> <span class='ocrx_word' id='word_1_132' title='bbox 970 1814 1105 1878; x_wconf 86' lang='lat' dir='ltr'><strong>salutem</strong></span> 
     </span>
     <span class='ocr_line' id='line_1_20' title="bbox 135 1897 1106 1983; baseline 0 -23"><span class='ocrx_word' id='word_1_133' title='bbox 135 1900 181 1961; x_wconf 86' lang='lat' dir='ltr'><strong>rei</strong></span> <span class='ocrx_word' id='word_1_134' title='bbox 208 1898 357 1980; x_wconf 92' lang='lat' dir='ltr'><strong>publicae</strong></span> <span class='ocrx_word' id='word_1_135' title='bbox 384 1902 623 1983; x_wconf 81' lang='lat' dir='ltr'><strong>propugnatum</strong></span> <span class='ocrx_word' id='word_1_136' title='bbox 652 1897 790 1978; x_wconf 89' lang='lat' dir='ltr'><strong>uideret,</strong></span> <span class='ocrx_word' id='word_1_137' title='bbox 825 1901 858 1961; x_wconf 90' lang='lat' dir='ltr'><strong>et</strong></span> <span class='ocrx_word' id='word_1_138' title='bbox 887 1897 1106 1963; x_wconf 84' lang='lat' dir='ltr'><strong>conditionem</strong></span> 
     </span>
    </p>

    <p class='ocr_par' dir='ltr' id='par_1_8' title="bbox 97 1979 1107 2385">
     <span class='ocr_line' id='line_1_21' title="bbox 97 1979 1106 2065; baseline 0.007 -27"><span class='ocrx_word' id='word_1_139' title='bbox 97 1999 122 2038; x_wconf 86' lang='lat' dir='ltr'><strong>ao</strong></span> <span class='ocrx_word' id='word_1_140' title='bbox 136 1981 238 2044; x_wconf 88' lang='lat' dir='ltr'><strong>doluit</strong></span> <span class='ocrx_word' id='word_1_141' title='bbox 262 1982 436 2046; x_wconf 86' lang='lat' dir='ltr'><strong>humanam</strong></span> <span class='ocrx_word' id='word_1_142' title='bbox 465 1987 498 2046; x_wconf 91' lang='lat' dir='ltr'><strong>et</strong></span> <span class='ocrx_word' id='word_1_143' title='bbox 525 1983 718 2046; x_wconf 84' lang='lat' dir='ltr'><strong>offensarum</strong></span> <span class='ocrx_word' id='word_1_144' title='bbox 739 1982 878 2065; x_wconf 87' lang='lat' dir='ltr'><strong>gratiam</strong></span> <span class='ocrx_word' id='word_1_145' title='bbox 906 1979 1035 2047; x_wconf 88' lang='lat' dir='ltr'><strong>faciens</strong></span> <span class='ocrx_word' id='word_1_146' title='bbox 1061 1982 1106 2045; x_wconf 83' lang='lat' dir='ltr'><strong>In·</strong></span> 
     </span>
     <span class='ocr_line' id='line_1_22' title="bbox 136 2065 1105 2151; baseline 0.004 -24"><span class='ocrx_word' id='word_1_147' title='bbox 136 2065 206 2127; x_wconf 87' lang='lat' dir='ltr'><strong>duit</strong></span> <span class='ocrx_word' id='word_1_148' title='bbox 219 2065 351 2128; x_wconf 87' lang='lat' dir='ltr'><strong>fratrem</strong></span> <span class='ocrx_word' id='word_1_149' title='bbox 374 2070 406 2129; x_wconf 91' lang='lat' dir='ltr'><strong>et</strong></span> <span class='ocrx_word' id='word_1_150' title='bbox 424 2067 512 2130; x_wconf 87' lang='lat' dir='ltr'><strong>cuius</strong></span> <span class='ocrx_word' id='word_1_151' title='bbox 533 2068 630 2130; x_wconf 89' lang='lat' dir='ltr'><strong>armis</strong></span> <span class='ocrx_word' id='word_1_152' title='bbox 649 2067 751 2130; x_wconf 89' lang='lat' dir='ltr'><strong>uitam</strong></span> <span class='ocrx_word' id='word_1_153' title='bbox 772 2087 862 2130; x_wconf 90' lang='lat' dir='ltr'><strong>suam</strong></span> <span class='ocrx_word' id='word_1_154' title='bbox 880 2065 1105 2151; x_wconf 87' lang='lat' dir='ltr'><strong>impugnatam</strong></span> 
     </span>
     <span class='ocr_line' id='line_1_23' title="bbox 136 2149 1107 2233; baseline 0.001 -20"><span class='ocrx_word' id='word_1_155' title='bbox 136 2149 257 2213; x_wconf 83' lang='lat' dir='ltr'><strong>sciebat</strong></span> <span class='ocrx_word' id='word_1_156' title='bbox 289 2153 423 2213; x_wconf 86' lang='lat' dir='ltr'><strong>mortem</strong></span> <span class='ocrx_word' id='word_1_157' title='bbox 460 2151 526 2214; x_wconf 86' lang='lat' dir='ltr'><strong>eius</strong></span> <span class='ocrx_word' id='word_1_158' title='bbox 561 2151 688 2214; x_wconf 89' lang='lat' dir='ltr'><strong>ornauit</strong></span> <span class='ocrx_word' id='word_1_159' title='bbox 719 2172 756 2214; x_wconf 90' lang='lat' dir='ltr'><strong>ac</strong></span> <span class='ocrx_word' id='word_1_160' title='bbox 783 2154 896 2233; x_wconf 90' lang='lat' dir='ltr'><strong>postea</strong></span> <span class='ocrx_word' id='word_1_161' title='bbox 923 2152 996 2233; x_wconf 91' lang='lat' dir='ltr'><strong>ipse</strong></span> <span class='ocrx_word' id='word_1_162' title='bbox 1024 2151 1107 2215; x_wconf 87' lang='lat' dir='ltr'><strong>iusta</strong></span> 
     </span>
     <span class='ocr_line' id='line_1_24' title="bbox 136 2234 1106 2318; baseline 0 -20"><span class='ocrx_word' id='word_1_163' title='bbox 136 2234 300 2318; x_wconf 88' lang='lat' dir='ltr'><strong>persoluit.</strong></span> <span class='ocrx_word' id='word_1_164' title='bbox 331 2238 363 2297; x_wconf 90' lang='lat' dir='ltr'><strong>et</strong></span> <span class='ocrx_word' id='word_1_165' title='bbox 384 2235 537 2298; x_wconf 87' lang='lat' dir='ltr'><strong>memoria</strong></span> <span class='ocrx_word' id='word_1_166' title='bbox 560 2239 593 2298; x_wconf 90' lang='lat' dir='ltr'><strong>et</strong></span> <span class='ocrx_word' id='word_1_167' title='bbox 612 2234 771 2298; x_wconf 92' lang='lat' dir='ltr'><strong>obliuione</strong></span> <span class='ocrx_word' id='word_1_168' title='bbox 793 2234 964 2315; x_wconf 87' lang='lat' dir='ltr'><strong>mirabilis,</strong></span> <span class='ocrx_word' id='word_1_169' title='bbox 990 2234 1106 2299; x_wconf 81' lang='lat' dir='ltr'><strong>obIItus</strong></span> 
     </span>
     <span class='ocr_line' id='line_1_25' title="bbox 136 2320 584 2385; baseline -0.002 -3"><span class='ocrx_word' id='word_1_170' title='bbox 136 2320 259 2382; x_wconf 85' lang='lat' dir='ltr'><strong>inimici</strong></span> <span class='ocrx_word' id='word_1_171' title='bbox 281 2321 428 2384; x_wconf 90' lang='lat' dir='ltr'><strong>meminit</strong></span> <span class='ocrx_word' id='word_1_172' title='bbox 449 2320 584 2385; x_wconf 87' lang='lat' dir='ltr'><strong>heredis.</strong></span> 
     </span>
    </p>

    <p class='ocr_par' dir='ltr' id='par_1_9' title="bbox 97 2401 1107 2821">
     <span class='ocr_line' id='line_1_26' title="bbox 97 2401 1106 2488; baseline -0.002 -21"><span class='ocrx_word' id='word_1_173' title='bbox 97 2419 123 2458; x_wconf 74' lang='lat'><strong>25</strong></span> <span class='ocrx_word' id='word_1_174' title='bbox 201 2403 353 2468; x_wconf 90' lang='lat' dir='ltr'>XXVIII.</span> <span class='ocrx_word' id='word_1_175' title='bbox 405 2404 565 2487; x_wconf 78' lang='lat' dir='ltr'><strong>seuquid</strong></span> <span class='ocrx_word' id='word_1_176' title='bbox 589 2424 648 2487; x_wconf 84' lang='lat' dir='ltr'><strong>ego</strong></span> <span class='ocrx_word' id='word_1_177' title='bbox 670 2404 797 2488; x_wconf 90' lang='lat' dir='ltr'><strong>longius</strong></span> <span class='ocrx_word' id='word_1_178' title='bbox 819 2401 940 2466; x_wconf 89' lang='lat' dir='ltr'><strong>indicia</strong></span> <span class='ocrx_word' id='word_1_179' title='bbox 963 2403 1055 2467; x_wconf 89' lang='lat' dir='ltr'><strong>mitis</strong></span> <span class='ocrx_word' id='word_1_180' title='bbox 1076 2406 1106 2466; x_wconf 87' lang='lat' dir='ltr'><strong>et</strong></span> 
     </span>
     <span class='ocr_line' id='line_1_27' title="bbox 136 2487 1105 2571; baseline 0 -20"><span class='ocrx_word' id='word_1_181' title='bbox 136 2492 322 2552; x_wconf 81' lang='lat' dir='ltr'><strong>mansuetae</strong></span> <span class='ocrx_word' id='word_1_182' title='bbox 345 2489 462 2553; x_wconf 89' lang='lat' dir='ltr'><strong>mentis</strong></span> <span class='ocrx_word' id='word_1_183' title='bbox 484 2488 633 2553; x_wconf 78' lang='lat' dir='ltr'><strong>accerso?</strong></span> <span class='ocrx_word' id='word_1_184' title='bbox 678 2488 731 2551; x_wconf 90' lang='lat' dir='ltr'><strong>hic</strong></span> <span class='ocrx_word' id='word_1_185' title='bbox 752 2487 836 2570; x_wconf 86' lang='lat' dir='ltr'><strong>ipse,</strong></span> <span class='ocrx_word' id='word_1_186' title='bbox 865 2487 933 2569; x_wconf 86' lang='lat' dir='ltr'><strong>hic,</strong></span> <span class='ocrx_word' id='word_1_187' title='bbox 963 2487 1105 2571; x_wconf 87' lang='lat' dir='ltr'><strong>inquam,</strong></span> 
     </span>
     <span class='ocr_line' id='line_1_28' title="bbox 136 2571 1105 2654; baseline 0.002 -21"><span class='ocrx_word' id='word_1_188' title='bbox 136 2573 205 2654; x_wconf 90' lang='lat' dir='ltr'><strong>ipse</strong></span> <span class='ocrx_word' id='word_1_189' title='bbox 221 2573 288 2634; x_wconf 89' lang='lat' dir='ltr'><strong>dies</strong></span> <span class='ocrx_word' id='word_1_190' title='bbox 303 2573 451 2654; x_wconf 87' lang='lat' dir='ltr'><strong>praebuit</strong></span> <span class='ocrx_word' id='word_1_191' title='bbox 470 2573 574 2637; x_wconf 84' lang='lat' dir='ltr'><strong>ciuiIis</strong></span> <span class='ocrx_word' id='word_1_192' title='bbox 590 2573 689 2635; x_wconf 88' lang='lat' dir='ltr'><strong>animi</strong></span> <span class='ocrx_word' id='word_1_193' title='bbox 709 2572 787 2636; x_wconf 87' lang='lat' dir='ltr'><strong>satis</strong></span> <span class='ocrx_word' id='word_1_194' title='bbox 803 2572 889 2634; x_wconf 87' lang='lat' dir='ltr'><strong>clara</strong></span> <span class='ocrx_word' id='word_1_195' title='bbox 904 2571 1105 2635; x_wconf 80' lang='lat' dir='ltr'><strong>documenta</strong></span> 
     </span>
     <span class='ocr_line' id='line_1_29' title="bbox 137 2656 1107 2739; baseline 0.001 -22"><span class='ocrx_word' id='word_1_196' title='bbox 137 2676 197 2736; x_wconf 88' lang='lat' dir='ltr'><strong>ego</strong></span> <span class='ocrx_word' id='word_1_197' title='bbox 227 2660 259 2718; x_wconf 87' lang='lat' dir='ltr'><strong>et</strong></span> <span class='ocrx_word' id='word_1_198' title='bbox 286 2657 409 2738; x_wconf 83' lang='lat' dir='ltr'><strong>collega</strong></span> <span class='ocrx_word' id='word_1_199' title='bbox 437 2679 541 2738; x_wconf 86' lang='lat' dir='ltr'><strong>meus,</strong></span> <span class='ocrx_word' id='word_1_200' title='bbox 575 2679 616 2720; x_wconf 93' lang='lat' dir='ltr'><strong>ne</strong></span> <span class='ocrx_word' id='word_1_201' title='bbox 644 2657 719 2739; x_wconf 90' lang='lat' dir='ltr'><strong>quid</strong></span> <span class='ocrx_word' id='word_1_202' title='bbox 748 2656 904 2719; x_wconf 85' lang='lat' dir='ltr'><strong>maximus</strong></span> <span class='ocrx_word' id='word_1_203' title='bbox 933 2656 980 2719; x_wconf 92' lang='lat' dir='ltr'><strong>im</strong></span> <span class='ocrx_word' id='word_1_204' title='bbox 1005 2660 1107 2721; x_wconf 82' lang='lat' dir='ltr'><strong>arator</strong></span> 
     </span>
     <span class='ocr_line' id='line_1_30' title="bbox 136 2678 1105 2821; baseline 0.004 -22"><span class='ocrx_word' id='word_1_205' title='bbox 136 2739 324 2820; x_wconf 86' lang='lat' dir='ltr'><strong>propensius</strong></span> <span class='ocrx_word' id='word_1_206' title='bbox 357 2739 568 2803; x_wconf 86' lang='lat' dir='ltr'><strong>humanitatis</strong></span> <span class='ocrx_word' id='word_1_207' title='bbox 602 2741 706 2805; x_wconf 88' lang='lat' dir='ltr'><strong>studio</strong></span> <span class='ocrx_word' id='word_1_208' title='bbox 738 2740 872 2821; x_wconf 82' lang='lat' dir='ltr'><strong>faceret,</strong></span> <span class='ocrx_word' id='word_1_209' title='bbox 906 2678 1105 2804; x_wconf 74' lang='lat' dir='ltr'><strong>uerebamur.</strong></span> 
     </span>
    </p>

    <p class='ocr_par' dir='ltr' id='par_1_10' title="bbox 98 2823 1106 2992">
     <span class='ocr_line' id='line_1_31' title="bbox 98 2823 1106 2909; baseline 0.003 -25"><span class='ocrx_word' id='word_1_210' title='bbox 98 2838 124 2877; x_wconf 73' lang='lat'><strong>30</strong></span> <span class='ocrx_word' id='word_1_211' title='bbox 138 2824 244 2905; x_wconf 89' lang='lat' dir='ltr'><strong>itaque</strong></span> <span class='ocrx_word' id='word_1_212' title='bbox 271 2824 430 2887; x_wconf 87' lang='lat' dir='ltr'><strong>matutino</strong></span> <span class='ocrx_word' id='word_1_213' title='bbox 465 2826 650 2907; x_wconf 88' lang='lat' dir='ltr'><strong>crepusculo</strong></span> <span class='ocrx_word' id='word_1_214' title='bbox 677 2825 830 2909; x_wconf 87' lang='lat' dir='ltr'><strong>palatium</strong></span> <span class='ocrx_word' id='word_1_215' title='bbox 857 2824 1011 2907; x_wconf 87' lang='lat' dir='ltr'><strong>petimus.</strong></span> <span class='ocrx_word' id='word_1_216' title='bbox 1055 2823 1106 2887; x_wconf 88' lang='lat' dir='ltr'><strong>ad-</strong></span> 
     </span>
     <span class='ocr_line' id='line_1_32' title="bbox 137 2907 1106 2992; baseline 0.002 -23"><span class='ocrx_word' id='word_1_217' title='bbox 137 2909 268 2970; x_wconf 84' lang='lat' dir='ltr'><strong>uentare</strong></span> <span class='ocrx_word' id='word_1_218' title='bbox 289 2927 347 2970; x_wconf 90' lang='lat' dir='ltr'><strong>nos</strong></span> <span class='ocrx_word' id='word_1_219' title='bbox 370 2908 509 2992; x_wconf 89' lang='lat' dir='ltr'><strong>principi</strong></span> <span class='ocrx_word' id='word_1_220' title='bbox 531 2909 614 2974; x_wconf 87' lang='lat' dir='ltr'><strong>forte</strong></span> <span class='ocrx_word' id='word_1_221' title='bbox 634 2914 703 2974; x_wconf 89' lang='lat' dir='ltr'><strong>tum</strong></span> <span class='ocrx_word' id='word_1_222' title='bbox 724 2909 813 2972; x_wconf 89' lang='lat' dir='ltr'><strong>danti</strong></span> <span class='ocrx_word' id='word_1_223' title='bbox 836 2929 968 2990; x_wconf 88' lang='lat' dir='ltr'><strong>operam</strong></span> <span class='ocrx_word' id='word_1_224' title='bbox 990 2907 1106 2973; x_wconf 84' lang='lat' dir='ltr'><strong>saluta·</strong></span> 
     </span>
    </p>
   </div>
   <div class='ocr_carea' id='block_1_3' title="bbox 136 3148 1108 3619">
    <p class='ocr_par' dir='ltr' id='par_1_11' title="bbox 136 3148 1108 3619">
     <span class='ocr_line' id='line_1_33' title="bbox 205 3148 1106 3213; baseline 0.001 -15"><span class='ocrx_word' id='word_1_225' title='bbox 205 3149 402 3199; x_wconf 79' lang='lat' dir='ltr'><strong>atollerandis</strong></span> <span class='ocrx_word' id='word_1_226' title='bbox 420 3163 457 3198; x_wconf 81' lang='lat' dir='ltr'><strong>w:</strong></span> <span class='ocrx_word' id='word_1_227' title='bbox 484 3149 631 3199; x_wconf 88' lang='lat' dir='ltr'><strong>tollerandi</strong></span> <span class='ocrx_word' id='word_1_228' title='bbox 649 3150 676 3195; x_wconf 82' lang='grc'><strong>11</strong></span> <span class='ocrx_word' id='word_1_229' title='bbox 706 3148 715 3213; x_wconf 88' lang='grc' dir='ltr'><strong>ΙΙ</strong></span> <span class='ocrx_word' id='word_1_230' title='bbox 745 3152 761 3198; x_wconf 81' lang='grc'><strong>5</strong></span> <span class='ocrx_word' id='word_1_231' title='bbox 784 3149 1013 3211; x_wconf 72' lang='lat' dir='ltr'><strong>mutauerint1‚</strong></span> <span class='ocrx_word' id='word_1_232' title='bbox 1040 3164 1106 3199; x_wconf 80' lang='lat' dir='ltr'><strong>corr.</strong></span> 
     </span>
     <span class='ocr_line' id='line_1_34' title="bbox 136 3214 1108 3281; baseline 0.002 -17"><span class='ocrx_word' id='word_1_233' title='bbox 136 3218 261 3279; x_wconf 81' lang='lat' dir='ltr'><strong>Jnepercs</strong></span> <span class='ocrx_word' id='word_1_234' title='bbox 277 3215 280 3277; x_wconf 76' lang='lat' dir='ltr'><strong>l</strong></span> <span class='ocrx_word' id='word_1_235' title='bbox 296 3218 475 3266; x_wconf 87' lang='lat' dir='ltr'><strong>mutabuntur</strong></span> <span class='ocrx_word' id='word_1_236' title='bbox 493 3220 510 3266; x_wconf 81' lang='lat'><strong>0</strong></span> <span class='ocrx_word' id='word_1_237' title='bbox 530 3218 706 3281; x_wconf 71' lang='lat' dir='ltr'><strong>mutabuntur</strong></span> <span class='ocrx_word' id='word_1_238' title='bbox 724 3218 747 3264; x_wconf 83' lang='lat' dir='ltr'>V</span> <span class='ocrx_word' id='word_1_239' title='bbox 768 3214 778 3280; x_wconf 84' lang='grc' dir='ltr'><strong>ΙΙ</strong></span> <span class='ocrx_word' id='word_1_240' title='bbox 799 3217 814 3264; x_wconf 88' lang='grc'><strong>6</strong></span> <span class='ocrx_word' id='word_1_241' title='bbox 833 3231 849 3264; x_wconf 89' lang='grc'><strong>1</strong></span> <span class='ocrx_word' id='word_1_242' title='bbox 867 3215 997 3266; x_wconf 83' lang='lat' dir='ltr'><strong>liberatis</strong></span> <span class='ocrx_word' id='word_1_243' title='bbox 1015 3216 1108 3279; x_wconf 75' lang='lat' dir='ltr'><strong>scripsi</strong></span> 
     </span>
     <span class='ocr_line' id='line_1_35' title="bbox 136 3278 1108 3348; baseline 0.003 -18"><span class='ocrx_word' id='word_1_244' title='bbox 136 3287 153 3330; x_wconf 84' lang='lat' dir='ltr'><strong>l.</strong></span> <span class='ocrx_word' id='word_1_245' title='bbox 167 3287 183 3332; x_wconf 84' lang='lat' dir='ltr'><strong>l.</strong></span> <span class='ocrx_word' id='word_1_246' title='bbox 194 3300 221 3346; x_wconf 86' lang='lat' dir='ltr'><strong>p.</strong></span> <span class='ocrx_word' id='word_1_247' title='bbox 235 3286 302 3331; x_wconf 84' lang='lat'><em>222:</em></span> <span class='ocrx_word' id='word_1_248' title='bbox 320 3284 349 3331; x_wconf 92' lang='lat' dir='ltr'><strong>in</strong></span> <span class='ocrx_word' id='word_1_249' title='bbox 361 3283 493 3333; x_wconf 87' lang='lat' dir='ltr'><strong>laceratis</strong></span> <span class='ocrx_word' id='word_1_250' title='bbox 506 3286 533 3332; x_wconf 80' lang='grc'><strong>11</strong></span> <span class='ocrx_word' id='word_1_251' title='bbox 543 3287 572 3334; x_wconf 86' lang='lat' dir='ltr'><strong>iu</strong></span> <span class='ocrx_word' id='word_1_252' title='bbox 585 3285 725 3334; x_wconf 87' lang='lat' dir='ltr'><strong>laceratas</strong></span> <span class='ocrx_word' id='word_1_253' title='bbox 736 3281 768 3333; x_wconf 81' lang='lat' dir='ltr'><strong>G.</strong></span> <span class='ocrx_word' id='word_1_254' title='bbox 780 3284 939 3348; x_wconf 89' lang='lat' dir='ltr'><strong>prouincias</strong></span> <span class='ocrx_word' id='word_1_255' title='bbox 950 3284 1084 3333; x_wconf 80' lang='lat' dir='ltr'><strong>Liuineius</strong></span> <span class='ocrx_word' id='word_1_256' title='bbox 1098 3278 1108 3343; x_wconf 67' lang='lat'><strong>{²</strong></span> 
     </span>
     <span class='ocr_line' id='line_1_36' title="bbox 138 3348 1107 3416; baseline 0 -19"><span class='ocrx_word' id='word_1_257' title='bbox 138 3351 153 3397; x_wconf 79' lang='lat'><strong>7</strong></span> <span class='ocrx_word' id='word_1_258' title='bbox 171 3349 262 3400; x_wconf 87' lang='lat' dir='ltr'><strong>lassus</strong></span> <span class='ocrx_word' id='word_1_259' title='bbox 280 3366 326 3413; x_wconf 76' lang='lat' dir='ltr'><strong>epo</strong></span> <span class='ocrx_word' id='word_1_260' title='bbox 344 3351 422 3400; x_wconf 70' lang='lat' dir='ltr'><strong>iaia:</strong></span> <span class='ocrx_word' id='word_1_261' title='bbox 443 3352 537 3415; x_wconf 86' lang='lat' dir='ltr'><strong>lapsus</strong></span> <span class='ocrx_word' id='word_1_262' title='bbox 555 3354 582 3400; x_wconf 83' lang='grc'><strong>11</strong></span> <span class='ocrx_word' id='word_1_263' title='bbox 606 3350 615 3415; x_wconf 84' lang='grc' dir='ltr'><strong>ΙΙ</strong></span> <span class='ocrx_word' id='word_1_264' title='bbox 639 3352 716 3413; x_wconf 82' lang='grc'><strong>911;</strong></span> <span class='ocrx_word' id='word_1_265' title='bbox 735 3368 768 3400; x_wconf 84' lang='lat' dir='ltr'><strong>cn</strong></span> <span class='ocrx_word' id='word_1_266' title='bbox 787 3354 840 3400; x_wconf 83' lang='lat' dir='ltr'><strong>en?</strong></span> <span class='ocrx_word' id='word_1_267' title='bbox 864 3348 873 3414; x_wconf 85' lang='grc' dir='ltr'><strong>ΙΙ</strong></span> <span class='ocrx_word' id='word_1_268' title='bbox 899 3353 931 3399; x_wconf 78' lang='grc'><strong>11</strong></span> <span class='ocrx_word' id='word_1_269' title='bbox 951 3352 1053 3416; x_wconf 87' lang='lat' dir='ltr'><strong>prioris</strong></span> <span class='ocrx_word' id='word_1_270' title='bbox 1070 3362 1107 3397; x_wconf 76' lang='lat' dir='ltr'><strong>w:</strong></span> 
     </span>
     <span class='ocr_line' id='line_1_37' title="bbox 137 3414 1107 3484; baseline 0.007 -22"><span class='ocrx_word' id='word_1_271' title='bbox 137 3417 273 3478; x_wconf 87' lang='lat' dir='ltr'><strong>prioribus</strong></span> <span class='ocrx_word' id='word_1_272' title='bbox 291 3418 318 3463; x_wconf 81' lang='grc'><strong>11</strong></span> <span class='ocrx_word' id='word_1_273' title='bbox 337 3414 347 3481; x_wconf 85' lang='grc' dir='ltr'><strong>ΙΙ</strong></span> <span class='ocrx_word' id='word_1_274' title='bbox 365 3420 396 3466; x_wconf 89' lang='grc'><strong>13</strong></span> <span class='ocrx_word' id='word_1_275' title='bbox 415 3424 443 3466; x_wconf 85' lang='lat' dir='ltr'><strong>et</strong></span> <span class='ocrx_word' id='word_1_276' title='bbox 461 3421 510 3469; x_wconf 83' lang='lat' dir='ltr'><strong>del.</strong></span> <span class='ocrx_word' id='word_1_277' title='bbox 529 3433 553 3467; x_wconf 87' lang='lat' dir='ltr'><strong>w</strong></span> <span class='ocrx_word' id='word_1_278' title='bbox 570 3418 580 3484; x_wconf 79' lang='grc' dir='ltr'><strong>ΙΙ</strong></span> <span class='ocrx_word' id='word_1_279' title='bbox 599 3420 629 3467; x_wconf 90' lang='grc'><strong>16</strong></span> <span class='ocrx_word' id='word_1_280' title='bbox 647 3418 778 3467; x_wconf 88' lang='lat' dir='ltr'><strong>iudicium</strong></span> <span class='ocrx_word' id='word_1_281' title='bbox 797 3421 814 3466; x_wconf 80' lang='lat'><strong>0</strong></span> <span class='ocrx_word' id='word_1_282' title='bbox 833 3418 854 3464; x_wconf 86' lang='lat' dir='ltr'>V</span> <span class='ocrx_word' id='word_1_283' title='bbox 870 3416 880 3482; x_wconf 80' lang='grc' dir='ltr'><strong>ΙΙ</strong></span> <span class='ocrx_word' id='word_1_284' title='bbox 902 3420 933 3467; x_wconf 89' lang='grc'><strong>19</strong></span> <span class='ocrx_word' id='word_1_285' title='bbox 951 3433 1107 3483; x_wconf 79' lang='lat' dir='ltr'><strong>propugna-</strong></span> 
     </span>
     <span class='ocr_line' id='line_1_38' title="bbox 137 3483 1108 3550; baseline 0.006 -23"><span class='ocrx_word' id='word_1_286' title='bbox 137 3486 194 3529; x_wconf 82' lang='lat' dir='ltr'><strong>tum</strong></span> <span class='ocrx_word' id='word_1_287' title='bbox 214 3497 242 3547; x_wconf 78' lang='grc' dir='ltr'><strong>ςε</strong></span> <span class='ocrx_word' id='word_1_288' title='bbox 262 3489 441 3549; x_wconf 82' lang='lat' dir='ltr'><strong>propagatam</strong></span> <span class='ocrx_word' id='word_1_289' title='bbox 460 3487 487 3532; x_wconf 81' lang='grc'><strong>11</strong></span> <span class='ocrx_word' id='word_1_290' title='bbox 509 3485 518 3550; x_wconf 90' lang='grc' dir='ltr'><strong>ΙΙ</strong></span> <span class='ocrx_word' id='word_1_291' title='bbox 540 3489 571 3535; x_wconf 81' lang='lat'><strong>‘21</strong></span> <span class='ocrx_word' id='word_1_292' title='bbox 591 3487 707 3535; x_wconf 85' lang='lat' dir='ltr'><strong>fratrum</strong></span> <span class='ocrx_word' id='word_1_293' title='bbox 721 3488 738 3534; x_wconf 84' lang='lat' dir='ltr'><strong>c</strong></span> <span class='ocrx_word' id='word_1_294' title='bbox 754 3486 758 3548; x_wconf 84' lang='grc'><strong>1</strong></span> <span class='ocrx_word' id='word_1_295' title='bbox 775 3500 852 3534; x_wconf 88' lang='lat' dir='ltr'><strong>suam</strong></span> <span class='ocrx_word' id='word_1_296' title='bbox 864 3486 900 3533; x_wconf 72' lang='lat' dir='ltr'><strong>A:</strong></span> <span class='ocrx_word' id='word_1_297' title='bbox 920 3501 967 3535; x_wconf 79' lang='lat' dir='ltr'><strong>ora.</strong></span> <span class='ocrx_word' id='word_1_298' title='bbox 981 3487 1001 3535; x_wconf 79' lang='lat' dir='ltr'>B</span> <span class='ocrx_word' id='word_1_299' title='bbox 1014 3488 1033 3534; x_wconf 76' lang='lat' dir='ltr'><strong><em>G</em></strong></span> <span class='ocrx_word' id='word_1_300' title='bbox 1045 3486 1067 3533; x_wconf 82' lang='lat' dir='ltr'>V</span> <span class='ocrx_word' id='word_1_301' title='bbox 1078 3483 1108 3533; x_wconf 77' lang='lat' dir='ltr'><strong>W</strong></span> 
     </span>
     <span class='ocr_line' id='line_1_39' title="bbox 137 3542 1015 3619; baseline 0.005 -24"><span class='ocrx_word' id='word_1_302' title='bbox 137 3542 140 3605; x_wconf 88' lang='grc' dir='ltr'>Ι</span> <span class='ocrx_word' id='word_1_303' title='bbox 163 3549 195 3597; x_wconf 80' lang='lat'><strong>23</strong></span> <span class='ocrx_word' id='word_1_304' title='bbox 214 3550 335 3599; x_wconf 86' lang='lat' dir='ltr'><strong>mirabili</strong></span> <span class='ocrx_word' id='word_1_305' title='bbox 352 3550 425 3600; x_wconf 82' lang='lat' dir='ltr'><strong>Bcrt.</strong></span> <span class='ocrx_word' id='word_1_306' title='bbox 448 3548 458 3615; x_wconf 77' lang='lat' dir='ltr'><strong>{l</strong></span> <span class='ocrx_word' id='word_1_307' title='bbox 480 3555 512 3603; x_wconf 82' lang='lat'><strong>29</strong></span> <span class='ocrx_word' id='word_1_308' title='bbox 532 3554 693 3619; x_wconf 86' lang='lat' dir='ltr'><strong>propensius</strong></span> <span class='ocrx_word' id='word_1_309' title='bbox 712 3555 785 3603; x_wconf 69' lang='lat' dir='ltr'><strong>edri:</strong></span> <span class='ocrx_word' id='word_1_310' title='bbox 803 3566 969 3618; x_wconf 80' lang='lat' dir='ltr'><strong>propensum</strong></span> <span class='ocrx_word' id='word_1_311' title='bbox 987 3553 1015 3599; x_wconf 78' lang='lat'>1</span> 
     </span>
    </p>
   </div>
   <div class='ocr_carea' id='block_1_4' title="bbox 0 0 1213 4012">
    <p class='ocr_par' dir='ltr' id='par_1_12' title="bbox 0 0 1213 4012">
     <span class='ocr_line' id='line_1_40' title="bbox 0 0 1213 4012; baseline 0 0"><span class='ocrx_word' id='word_1_312' title='bbox 0 0 1213 4012; x_wconf 95' lang='lat' dir='ltr'><strong> </strong></span> 
     </span>
    </p>
   </div>
  </div>
 </body>
</html>
