2406 4012
267 178 522 233 CONSTANTlNO
540 181 710 234 AUGUSTO
729 184 763 233 D.
786 186 893 235 13-15.
1003 185 1062 248 171

95 329 287 415 praesertim
309 351 382 394 cum
404 351 476 394 eum
499 331 553 413 qui
567 330 627 395 tibi
651 352 690 395 ex
704 332 803 396 tantis
821 333 984 399 beneficiis
999 335 1063 399 tuis

95 418 131 481 et
152 417 245 479 tanto
267 414 540 479 necessitudinum
560 414 650 480 fonte
672 417 820 502 ingratus
847 419 988 482 extiterit
1011 419 1064 483 ad-

95 500 160 565 huc
183 499 402 582 contemplatu
416 498 463 562 tui
485 520 639 583 cogamur
658 502 803 585 quamuis
818 501 893 566 irati
914 504 1063 567 reuereri.

95 583 174 668 quid
189 583 308 649 faciam
322 584 422 669 igitur
444 586 480 647 ut
493 586 561 648 tam
579 583 741 668 profunda
762 586 895 650 uulnera
910 607 1065 670 suspensa

94 689 197 733 manu
223 667 384 732 tractem?
428 669 587 752 usurpabo
616 669 767 734 nimirum
795 669 851 735 illa
885 671 1089 736 communias

95 754 241 817 omnium
270 753 448 818 facinorum
470 754 665 838 patrocinia,
693 776 775 838 quae
797 759 905 820 tamen
926 756 1064 839 plerum-

94 859 158 922 que
180 838 278 902 ctiam
301 859 320 900 a
339 837 538 920 sapientibus
561 842 755 918 asseruntur,
783 841 945 904 neminem
965 840 1064 905 homi·

95 942 172 986 nem
188 943 321 1005 peccare
336 921 400 986 nisi
414 921 482 986 fato
505 924 538 986 et
553 922 624 1005 ipsa
639 922 760 989 scelera
777 923 961 989 mortalium
976 928 1064 990 aetus

92 1028 167 1071 csse
195 1006 359 1090 fortunae,
394 1010 507 1070 contra
538 1009 645 1071 autem
673 1008 802 1072 deorum
834 1029 968 1072 munera
996 1029 1064 1072 esse

95 1091 243 1155 uirtutes.
272 1091 446 1176 gratulare,
467 1089 689 1176 Constantine,
713 1094 845 1156 naturae
865 1114 902 1157 ac
922 1092 1063 1158 moribus
1078 1112 1114 1151 ιο·

53 1240 62 1248 ,
95 1174 162 1239 tuis
184 1174 324 1259 quodie
346 1174 443 1241 talem
459 1173 669 1241 Constantius
687 1176 763 1241 Pius
784 1177 943 1262 genuerit,
966 1177 1064 1242 talem

95 1258 237 1325 siderum
251 1259 380 1324 decreta
393 1259 564 1325 formarint
583 1263 620 1326 ut
635 1261 769 1326 crudelis
786 1283 855 1326 esse
869 1282 936 1327 non
950 1263 1064 1346 possis.

96 1343 190 1408 illum
218 1345 325 1408 autem
355 1345 450 1428 [non]
482 1344 588 1427 credo,
619 1367 690 1410 cum
718 1350 870 1412 uenturus
899 1347 934 1411 in
960 1347 1065 1412 lucem

95 1429 260 1512 optionem
283 1429 369 1493 uitae
391 1449 454 1513 qua
476 1431 619 1494 uteretur
638 1431 805 1514 acciperet,
828 1433 945 1495 sortem
959 1432 1065 1496 incur-

95 1513 178 1577 risse
200 1512 386 1598 fugiendam
411 1534 490 1598 quae
513 1514 623 1578 multis
645 1515 829 1579 hominibus
856 1515 1010 1579 iniustum
1033 1517 1103 1578 et1⁵

95 1600 259 1681 postremo
281 1597 345 1681 ipsi
368 1598 582 1664 uoluntarium
605 1598 704 1662 ferret
725 1599 867 1663 exitium.
913 1602 950 1663 ut
979 1599 1065 1662 enim

96 1680 163 1746 alia
189 1683 332 1765 mittam,
361 1680 424 1747 hoc
446 1683 552 1765 ipsum
578 1703 687 1748 nonne
708 1684 769 1749 fati
791 1682 966 1748 necessitas
989 1682 1065 1747 tulit

96 1770 134 1830 ut
156 1766 210 1830 illc
231 1767 343 1849 pietati
358 1771 433 1830 tuae
455 1767 540 1831 hunc
561 1767 825 1850 referreipicem,
848 1789 942 1852 quem
965 1772 1001 1832 tu
1024 1767 1064 1833 ab

96 1849 177 1915 urbe
197 1851 336 1936 pulsum,
359 1852 399 1915 ab
414 1851 509 1915 Italia
531 1852 686 1936 fugatum,
711 1854 750 1916 ab
765 1852 895 1935 illyrico
918 1852 1065 1936 repudia·

95 1938 168 2000 tum
182 1936 246 2000 tuis
260 1936 445 2020 prouinciis,
465 1937 528 2001 tuis
547 1937 657 2020 copiis,
679 1941 734 2002 tuo
748 1937 870 2021 palatio
889 1937 1062 2021 recepisti?
1077 1957 1102 1996 eo

162 2018 234 2085 XV.
279 2020 376 2105 Quid,
400 2042 470 2104 oro,
494 2021 555 2085 sibi
577 2022 702 2086 uoluit?
736 2022 812 2106 quid
833 2023 979 2107 optauit?
1014 2020 1066 2086 uel

98 2104 175 2188 quid
196 2105 333 2188 amplius
356 2104 585 2189 adipisceretur
600 2106 650 2170 his
673 2128 753 2191 quae
776 2111 840 2172 ate
861 2107 968 2171 fuerat
990 2127 1064 2170 con-

97 2188 249 2253 secutus?
280 2190 330 2254 cui
351 2192 388 2254 tu
409 2212 532 2254 summa
555 2194 588 2256 et
609 2190 826 2256 diuersissima
840 2191 936 2274 bona,
959 2192 1064 2272 priua·

95 2274 168 2338 tum
191 2274 291 2338 otium
316 2277 348 2337 et
369 2275 475 2359 regias
498 2296 590 2358 opes,
620 2275 768 2357 dederas,
798 2275 849 2339 cui
871 2273 1062 2357 digredient'

96 2356 219 2423 aulicos
241 2358 345 2423 mulos
369 2362 401 2424 et
422 2359 535 2422 raedas
541 2408 550 2441 ,
580 2359 631 2423 cui
652 2358 828 2442 impensius
851 2358 946 2420 eiiam
969 2378 1064 2440 quam
1078 2373 1103 2415 2⁵

96 2442 159 2508 tibi
191 2463 357 2508 occurrere
390 2443 542 2528 obsequia
574 2443 687 2506 nostra
714 2440 939 2525 mandaueras,
974 2441 1064 2505 cuius

97 2527 249 2592 omnibus
277 2528 372 2593 iussis
406 2529 451 2592 sic
479 2529 635 2592 statueras
668 2525 817 2591 oboedire
845 2529 881 2589 ut
906 2547 1003 2610 penes
1032 2528 1064 2589 te

97 2610 239 2695 habitus,
263 2633 361 2696 penes
384 2612 476 2676 illum
489 2614 631 2695 potestas
654 2614 738 2676 esset
753 2611 888 2696 imperii.
918 2610 1066 2696 quisnam

98 2694 155 2760 ille
182 2700 292 2761 tantus
314 2697 378 2762 fuit
404 2718 472 2761 non
500 2696 594 2760 ardor
615 2697 778 2780 potentiae
807 2695 896 2783 (quid
925 2697 1010 2761 enim
1033 2699 1065 2760 te

167 2903 279 2955 isonia
298 2918 336 2953 w:
360 2902 419 2954 iore
437 2905 465 2950 Η
484 2902 578 2952 fauore
597 2904 712 2967 Lsnpius
743 2901 748 2967 1
782 2903 905 2952 extiterit
923 2904 940 2950 c
958 2916 996 2950 w:
1021 2916 1065 2950 ex-

96 2969 192 3021 isterit
208 2972 236 3020 li
265 2968 275 3036 ΙΙ
305 2975 320 3023 3
344 2970 530 3035 contemplatu
552 2971 595 3019 tui
616 2972 713 3035 scripsi
728 2973 746 3019 i.
763 2970 796 3019 i.:
823 2968 1022 3032 contemplatui
1038 2970 1066 3015 Η

101 3038 282 3105 contemplari
301 3052 326 3086 w
348 3039 352 3099 Ι
370 3053 500 3102 cogamur
518 3039 647 3102 Largius:
666 3040 749 3101 cogat
767 3042 798 3087 ut
815 3038 843 3083 Η
861 3041 866 3099 Ι
886 3036 964 3101 quasi
981 3035 1023 3084 ira
1041 3047 1066 3081 w

99 3102 105 3169 Ι
131 3108 255 3157 reuereri
272 3108 381 3171 scripsi:
400 3111 524 3156 reuereai
542 3105 570 3153 li
587 3103 727 3155 referueat
744 3117 769 3151 w
799 3100 808 3167 ΙΙ
838 3106 985 3154 umunera
1004 3116 1066 3152 esse

97 3172 235 3225 uirtulare
254 3172 436 3225 Constantine
453 3175 476 3223 Δ
494 3179 519 3223 ci
536 3173 569 3220 W
588 3188 641 3221 cum
657 3175 729 3237 sipno
747 3174 908 3235 corruptelae
930 3168 940 3233 ll
963 3171 994 3219 10
1012 3169 1066 3219 uir-

97 3244 187 3291 tutem
205 3242 225 3290 B
244 3245 261 3291 0
280 3242 310 3305 V,
329 3244 437 3293 correxi
452 3238 462 3307 ΙΙ
480 3243 510 3290 12
529 3241 680 3290 formarunt
697 3241 733 3302 M,
750 3255 819 3292 corr.
838 3252 863 3286 w
874 3235 884 3303 ΙΙ
903 3240 934 3287 13
953 3251 1007 3285 non
1025 3252 1066 3286 se·

94 3309 174 3358 cincii
192 3310 325 3362 Acidaliae
337 3308 348 3375 l
362 3311 393 3360 17
412 3305 478 3373 alia]
497 3307 546 3359 illa
561 3308 578 3355 (l
590 3303 601 3372 ΙΙ
613 3308 646 3356 20
664 3302 765 3372 recep]
786 3307 883 3371 cepisti
901 3304 953 3353 Ac
967 3303 999 3352 W
1011 3300 1020 3368 ΙΙ
1033 3306 1065 3354 21

98 3374 146 3426 uel
163 3379 272 3440 scripsi:
290 3383 321 3429 ut
338 3379 366 3427 li
384 3382 432 3428 aut
449 3373 577 3441 cridl23
597 3370 654 3440 cui]
675 3376 728 3438 Qui
746 3374 768 3423 Δ
785 3380 811 3423 ci
827 3375 860 3422 W
878 3389 908 3423 m.
925 3375 940 3420 1
959 3372 1024 3438 quin
1042 3386 1066 3420 w

98 3440 109 3509 ll
125 3444 159 3495 it
177 3443 285 3496 aulicos
303 3445 391 3495 mulos
409 3446 504 3510 scripsi
514 3445 530 3494 l.
542 3446 559 3493 i.
570 3459 598 3507 p.
615 3444 680 3491 219:
698 3443 732 3492 ad
746 3439 844 3492 anulos
856 3443 883 3488 Μ
900 3439 935 3491 ad
952 3442 1003 3493 rici.
1017 3453 1042 3489 w
1061 3438 1065 3505 Ι

95 3514 128 3561 et
145 3511 226 3565 redas
244 3515 352 3579 scripsi:
371 3512 481 3563 sederas
500 3512 524 3560 Ι
543 3510 657 3560 dederas
676 3523 709 3574 w,
729 3511 785 3562 oiim
804 3511 819 3559 l.
840 3511 855 3562 i.
875 3510 957 3561 deleai
