2406 4012
256 68 469 120 THEODOSIO
489 69 659 120 AUGUSTO
677 71 711 121 D.
730 73 839 121 21-23.
966 73 1027 136 291

53 221 186 285 fulmen
209 217 401 300 exceperint,
423 219 563 282 nominis
583 221 703 282 terrore
722 219 863 302 percussi
886 223 919 283 et
939 223 1029 287 uelut

56 304 164 370 afflati
185 302 360 386 quiescant.
392 305 449 366 tua
470 303 566 382 enim,
589 304 772 387 imperator,
797 305 940 387 auspicia
960 327 1028 370 non

55 391 143 453 haec
157 390 283 451 tantum
298 389 411 470 gentes
426 390 568 452 tremunt
590 409 668 471 quas
690 389 730 452 ab
745 389 820 453 orbe
841 393 952 453 nostro
975 391 1028 454 sil-

55 494 174 538 uarum
195 470 367 535 interualla
389 471 441 534 uel
462 471 596 535 fiumina
623 477 789 538 montesue
812 475 1026 559 distinguunt,

57 557 117 625 sed
138 578 217 640 quas
240 555 379 620 aeternis
405 556 569 620 ardoribus
591 557 770 622 inaccessas
798 562 854 622 aut
876 560 1054 624 continuas

56 642 166 707 hieme
188 643 352 724 separatas
379 644 436 704 aut
456 641 622 704 interfusis
646 644 836 724 aequoribus
859 643 1027 708 abiunctas

57 722 178 792 natura
199 725 411 790 disterminat.
455 746 521 788 non
543 747 661 790 oceano
683 726 797 809 lndus,
818 748 885 790 non
907 728 1027 812 frigore

57 810 273 893 Bosforanus‚
314 830 381 873 non
415 809 520 874 Arabs
558 809 664 874 medio
698 811 765 874 sole
799 831 928 874 securus
960 816 1026 876 est:

57 917 124 981 quo
145 895 201 960 uix
221 897 412 977 peruenerat
437 916 555 958 nomen
581 896 656 958 ante
678 894 876 978 Romanum,
906 896 1028 960 accedIt

46 980 241 1063 imperium.
285 978 429 1043 dicamne
459 1000 519 1063 ego
546 982 692 1062 receptos
722 979 875 1042 seruitum
905 978 1026 1044 Gothos
1040 1000 1066 1039 ro

58 1064 175 1129 castris
190 1063 254 1127 tuis
273 1062 417 1145 militem,
440 1063 533 1128 terris
553 1063 699 1128 sufficere
721 1063 900 1129 cultorem?
921 1064 1025 1129 dicam

57 1171 79 1213 a
103 1148 274 1213 rebellibus
289 1148 455 1212 Saracenis
475 1169 595 1231 poenas
614 1149 730 1232 polluti
749 1149 886 1213 foederis
906 1151 1026 1232 expeti-

56 1233 136 1298 tas?
175 1232 279 1297 dicam
304 1231 510 1297 interdictum
534 1232 662 1317 Scythis
684 1234 809 1298 Tanain
838 1238 870 1298 et
891 1234 1026 1298 inbelles

58 1337 153 1383 arcus
184 1316 280 1380 etiam
314 1317 469 1401 fugientis
498 1318 642 1382 Albani?
687 1339 904 1401 quaecumque
938 1319 1026 1382 natio

57 1402 268 1466 barbarorum
293 1403 408 1465 robore
434 1401 554 1465 ferocia
582 1423 715 1465 numero
737 1402 845 1486 grauis
874 1423 1025 1484 umquam
1039 1419 1064 1460 15

56 1485 153 1551 nobis
174 1486 246 1568 fuit,
271 1489 325 1550 aut
340 1486 418 1550 boni
440 1485 580 1549 consulit
601 1488 636 1548 ut
654 1486 796 1568 quiescat
819 1488 877 1548 aut
890 1484 1026 1549 laetatur

57 1571 150 1655 quasi
184 1571 301 1651 amica,
336 1572 363 1634 si
390 1570 516 1634 seruiat.
562 1569 668 1633 Persis
700 1569 771 1651 ipsa
803 1569 850 1632 rei
877 1568 1025 1652 publicae

55 1658 187 1721 nostrae
215 1658 300 1718 retro
328 1655 453 1718 aemula
480 1658 513 1718 et
533 1655 642 1717 multis
665 1653 882 1717 Romanorum
910 1655 1025 1718 ducum

54 1740 182 1805 famosa
212 1739 392 1821 funeribus,
430 1739 578 1822 quiequid
612 1759 763 1822 umquam
796 1738 831 1801 in
862 1738 1024 1823 principes

55 1827 185 1890 nostros
200 1823 424 1888 inclementius
439 1823 527 1907 fecit,
551 1826 681 1887 excusat
695 1823 858 1906 obsequio.
887 1823 1024 1908 denique
1037 1841 1063 1881 20

55 1910 128 1993 ipse
147 1909 202 1973 ille
217 1930 272 1972 rex
293 1908 360 1971 eius
375 1907 568 1992 dedignatus
588 1911 682 1973 antea
703 1909 846 1973 confiteri
861 1908 1024 1974 hominem

56 1994 125 2058 iam
150 1993 272 2057 fatetur
298 1992 447 2056 timorem
474 1997 507 2058 et
533 1994 567 2057 in
592 1994 643 2057 his
672 1996 704 2057 te
735 1993 813 2056 colit
833 1992 961 2076 templis
990 1994 1024 2056 in

56 2078 172 2162 quibus
194 2078 325 2160 colitur,
348 2081 417 2141 tum
438 2077 469 2141 le
493 2077 601 2141 atione
624 2077 795 2157 mittenda,
820 2077 955 2159 gemmis
978 2098 1025 2139 se·

55 2163 185 2246 ricoque
212 2162 409 2245 praebendo,
445 2099 567 2225 adhoc
589 2160 838 2243 triumphalibus
860 2160 962 2223 beluis
989 2160 1024 2223 in

54 2250 113 2311 tua
134 2247 244 2311 esseda
267 2246 493 2331 suggerendis,
522 2245 582 2308 etsi
605 2244 708 2308 adhue
729 2244 861 2308 nomine
881 2244 1022 2308 foedera·
1036 2259 1064 2299 25

56 2334 127 2412 tus,
150 2331 216 2395 iam
238 2334 347 2395 tamen
369 2331 434 2394 tuis
457 2329 593 2394 cultibus
616 2329 802 2393 tributarius
826 2331 884 2392 est.

121 2415 241 2480 XXIII.
285 2415 354 2480 Nee
376 2419 494 2497 tamen,
516 2414 701 2497 imperator,
725 2414 887 2477 existimes
910 2416 1025 2477 cuncta

56 2521 108 2564 me
125 2500 165 2564 ad
181 2500 305 2564 aurium
321 2500 461 2584 gratiam
471 2499 666 2562 locuturum:
682 2498 851 2581 triumphis
864 2498 928 2562 tuis
938 2497 1024 2563 Galli

58 2584 202 2670 (stupeas
224 2585 347 2732 licebitp
370 2584 546 2649 irascimur.
576 2583 651 2648 dum
672 2584 707 2648 in
728 2585 852 2648 remota
866 2588 1024 2648 terrarum

57 2669 216 2733 uincendo
230 2690 325 2752 proce
348 2669 387 2753 is,
411 2669 486 2733 dum
509 2669 592 2733 ultra
606 2670 758 2734 terminos
780 2690 886 2733 rerum
909 2672 1022 2732 metas·
1036 2683 1062 2723 30

126 2926 294 2976 lflumcnO
318 2923 323 2990 Ι
347 2925 425 2975 uelut
441 2941 488 2975 om.
508 2927 525 2972 0
543 2927 576 2972 W
606 2921 615 2988 ΙΙ
645 2921 731 2972 3heo
749 2936 809 2983 epo:
830 2919 882 2970 hec
900 2921 922 2968 A
940 2922 973 2967 W
991 2921 1024 2970 be

56 2999 115 3043 cett·
145 2990 155 3058 l
185 2989 351 3060 8Bosphor.
369 2995 390 3042 B
407 3007 425 3042 u
454 2990 464 3057 ΙΙ
494 2990 637 3042 taceedit
653 3003 692 3038 w:
717 2988 819 3038 accidit
835 2989 862 3035 Μ
891 2985 900 3052 ΙΙ
932 2989 963 3038 10
982 3004 1023 3036 re·

56 3063 166 3125 ceptum
184 3061 259 3112 Bert.
275 3062 279 3125 Ι
296 3062 331 3112 ad
349 3061 491 3112 seruitium
510 3061 567 3109 edd.
587 3056 597 3124 ΙΙ
616 3061 646 3107 12
666 3057 772 3106 Sarrae.
789 3056 856 3104 AW
870 3055 874 3118 Ι
890 3055 980 3119 poluti
991 3055 1023 3103 W

54 3126 140 3179 soluti
158 3130 292 3180 Aciduliua
312 3128 323 3195 ll
347 3132 378 3180 13
396 3130 495 3179 canain
513 3129 535 3176 A
552 3125 562 3191 ΙΙ
585 3130 616 3177 14
634 3126 775 3190 fugientes
792 3126 814 3173 A
834 3120 844 3188 ll
868 3123 899 3172 15
919 3122 1024 3172 ferocia

55 3201 106 3248 aut
123 3211 198 3248 num.
217 3196 291 3247 Bert.
311 3197 398 3249 feroci
416 3211 545 3246 anumero
562 3193 585 3243 A
600 3194 604 3258 Ι
620 3194 732 3259 grauius
750 3193 783 3252 A;
802 3208 835 3241 un
854 3190 984 3256 grauior?
1009 3187 1020 3251 11

56 3265 88 3314 16
111 3264 165 3314 fuit
187 3265 266 3316 nobis
284 3269 317 3314 W
349 3264 353 3330 Ι
386 3268 436 3315 aut
459 3262 660 3328 quiesoatBV
689 3259 699 3325 ΙΙ
729 3262 760 3309 21
784 3274 814 3309 se
834 3265 895 3323 post
912 3257 1023 3322 dedign.

53 3333 115 3385 add.
135 3346 160 3380 w
189 3330 199 3397 11
228 3334 261 3383 25
280 3332 378 3383 caedra
396 3344 421 3380 w
439 3331 487 3383 tua'.
503 3330 636 3383 essediv
660 3328 664 3391 Ι
689 3324 809 3393 nomine]
829 3341 885 3376 non
903 3329 945 3378 est
962 3327 1021 3376 edd.

56 3398 68 3465 ιΙ
93 3401 126 3451 28
144 3416 187 3451 me
206 3416 253 3450 om.
272 3400 414 3464 WIGaIli
431 3402 511 3450 AW:
532 3399 640 3464 gallicis
658 3399 675 3446 O
693 3397 715 3444 V
733 3394 870 3461 galioisB

819 3480 868 3530 19*
