2406 4012
457 200 668 255 sammon.
694 203 803 253 11-11,
1071 199 1113 265 69

145 349 252 413 tiones
275 350 498 432 expresserint.
543 349 666 414 habent
694 371 751 414 sua
778 351 875 415 uerba
902 352 1025 435 miseri,
1058 372 1115 415 sua
1173 362 1179 374 ’

144 435 247 499 uerba
270 433 398 498 felices:
422 434 511 516 atqui
533 434 598 497 iam
620 434 757 498 maxime
780 435 888 499 eadem
911 436 951 499 ab
972 436 1114 520 utrisque

146 517 311 582 dicuntur.

209 600 360 666 LXXIII.
416 601 519 666 Testis
548 601 617 686 ipse
646 624 679 667 es
712 625 792 687 quae
820 605 855 667 in
883 604 1027 667 omnium
1059 626 1114 668 ore

144 686 280 751 laetitia.
325 707 392 750 non
419 687 555 751 amictus
583 687 745 771 cuiquam,
776 709 843 753 non
866 688 993 753 habitus
1021 708 1140 772 querna

145 771 241 835 domo
263 773 431 835 extulerat.
459 770 535 835 inde
556 771 745 836 resultantia
765 773 897 838 uochus
913 777 1001 838 tecta
1021 772 1115 837 nihil-

145 876 208 939 que
229 855 329 919 tantis
352 855 546 920 clamoribus
568 856 647 919 satis
670 856 820 922 clausum.
855 857 926 941 quis
947 861 1027 922 tunc
1049 879 1116 922 non

146 961 164 1005 e
186 939 325 1025 uestigio
347 961 405 1004 suo
427 939 564 1003 exiluIt‘l
591 940 662 1022 quis
685 940 834 1005 exiluisse
856 942 980 1005 sensit?
1013 940 1116 1005 multa

145 1024 281 1088 fecimus
304 1046 319 1088 s
342 1027 433 1106 onte,
455 1025 549 1107 plura
571 1023 727 1106 instinctu
749 1025 888 1108 quodam
910 1030 943 1089 et
963 1025 1114 1108 imperio:

145 1131 223 1173 nam
251 1046 367 1193 gaudio
395 1128 520 1192 quoque
550 1107 686 1193 cogendi
713 1109 762 1172 uis
791 1110 887 1191 inest.
931 1130 1009 1173 num
1038 1130 1153 1194 ergon

146 1193 277 1257 modum
293 1193 322 1257 ei
335 1196 392 1257 tua
407 1193 515 1257 saltim
529 1193 685 1257 modestia
699 1193 875 1276 imposuit?
898 1216 975 1278 non,
996 1197 1116 1278 quanto

147 1277 253 1362 magis
275 1299 294 1340 a
316 1281 348 1342 te
370 1277 613 1361 reprimebatur,
638 1278 835 1342 exarsimus?
862 1300 930 1344 non
953 1283 1115 1345 contuma-

148 1362 209 1444 cia,
233 1360 364 1446 Caesar,
392 1361 447 1426 sed
469 1364 506 1425 ut
527 1362 562 1425 in
582 1365 639 1426 tua
659 1367 819 1446 potestate
842 1368 891 1429 est
912 1387 955 1428 an
1002 1362 1116 1427 audea-

146 1466 229 1529 mus,
252 1446 301 1510 Ita
321 1447 356 1510 in
378 1449 535 1530 quantum
556 1468 616 1511 neo
635 1447 671 1510 iu
692 1451 811 1512 nostra.
850 1385 1062 1532 oomprofiasti
1084 1450 1117 1511 et

146 1532 217 1615 ipse
253 1531 519 1595 acclamationem
562 1534 746 1595 nostrarum
781 1532 877 1595 fidem
912 1532 1115 1596 lacrimarum
1129 1551 1154 1591 15

147 1618 277 1678 tuarum
303 1616 449 1679 ueritate.
494 1615 632 1679 uidimus
659 1615 882 1680 humescentes
911 1615 1018 1679 oculos
1044 1618 1115 1680 tuos

148 1699 383 1783 demissumque
405 1699 522 1796 gaudio
542 1700 666 1763 uultum
680 1702 870 1782 tantumque
892 1699 1059 1784 sanguinis
1080 1701 1117 1763 in

114 1788 118 1793 ’
149 1804 204 1847 ore
229 1787 386 1867 quantum
413 1806 449 1846 rn
476 1783 583 1848 animo
610 1784 750 1867 pudoris.
799 1788 893 1868 atque
922 1783 984 1848 hoc
1011 1785 1116 1868 magis

151 1866 273 1932 incensi
300 1890 409 1932 sumus
441 1871 477 1932 ut
504 1889 706 1952 precaremur
738 1889 779 1932 ne
808 1869 933 1954 quando
961 1869 1021 1934 tibi
1048 1891 1117 1933 non

149 1951 258 2017 eadem
287 1973 384 2017 causa
411 1952 627 2032 lacrimarum,
655 1957 752 2038 utque
779 1976 953 2038 numquam
975 1955 1115 2020 frontem
1129 1975 1154 2015 ao

146 2039 238 2100 tuam
259 2037 320 2100 **.
364 2036 424 2101 hoo
450 2038 556 2122 ipsum
584 2037 641 2102 has
669 2040 759 2104 sedes
787 2040 959 2124 nosquasi
984 2061 1115 2122 respon-

149 2142 238 2185 suras
261 2121 506 2206 interrogemus,
530 2121 711 2189 uiderintne
733 2146 885 2208 umquam
899 2124 1055 2208 principis
1072 2123 1117 2186 la-

147 2206 279 2272 orImas:
303 2210 338 2270 ut
360 2210 489 2271 senatus
512 2229 607 2291 saepe
629 2209 790 2273 uiderunt.
829 2210 970 2273 onerasti
992 2209 1117 2273 futuros

147 2290 321 2374 principes,
344 2292 400 2356 sed
415 2294 447 2355 et
460 2295 606 2376 posteros
628 2298 765 2358 nostros.
794 2314 869 2356 nam
893 2295 925 2356 et
939 2292 973 2354 hi
996 2292 1117 2374 aprin-

149 2375 273 2459 cipibus
301 2376 368 2439 suis
397 2377 528 2460 exigent
554 2379 591 2439 ut
612 2377 723 2440 eadem
745 2376 852 2439 audire
874 2378 1058 2440 mereantur
1085 2379 1118 2440 et
1130 2395 1156 2436 aa

147 2460 197 2523 illi
219 2460 303 2542 quod
326 2481 393 2524 non
415 2460 549 2523 audiant
571 2460 834 2544 indignabuntur.

211 2542 357 2609 LXXIV.
387 2543 478 2608 Nihil
499 2544 604 2627 magis
619 2565 749 2627 possum
770 2565 829 2627 pro
851 2565 886 2607 re
902 2543 1005 2607 dicere
1022 2565 1119 2628 quam

147 2628 232 2712 quod
259 2627 379 2692 dicium
406 2633 456 2693 est
489 2651 508 2692 a
537 2632 652 2693 cuncto
680 2631 795 2693 senatu
828 2635 863 2693 ‘o
892 2632 925 2694 te
951 2629 1116 2694 feliceml'

147 2711 231 2795 quod
261 2732 334 2776 oum
362 2712 553 2796 diceremus,
590 2735 657 2779 non
685 2734 760 2798 opes
787 2716 858 2779 tuas
892 2713 947 2779 sed
976 2715 1117 2779 animum

146 2795 353 2860 mirabamur.
404 2801 454 2862 est
485 2799 571 2862 enim
604 2800 679 2865 isaeo
714 2799 840 2863 demum
874 2821 951 2864 uera
978 2799 1116 2863 felicitas
1129 2820 1156 2860 ao

217 2987 230 3035 1
249 2986 351 3036 mirera
368 2988 386 3033 0
403 2986 425 3033 V
454 2985 464 3051 ΙΙ
493 2989 509 3036 2
532 2989 610 3052 atqui
628 2988 684 3036 iam
701 2988 818 3037 maxime
833 2989 943 3052 scripsi:
970 2992 1054 3052 utque
1074 2984 1117 3049 (ut

148 3067 220 3117 quae
233 3052 262 3117 0)
275 3053 330 3103 iam
343 3055 460 3104 maxime
473 3055 500 3100 Μ
513 3059 543 3105 ut
556 3070 637 3119 quarn
650 3055 767 3104 maxime
781 3055 904 3104 Gruterus
920 3052 924 3118 Ι
940 3054 1035 3104 eadem
1046 3055 1115 3104 oruc

150 3120 162 3173 ll
187 3122 203 3171 3
221 3119 349 3170 dicuntur
366 3122 474 3186 scripsi:
492 3120 620 3172 dioantur
638 3122 720 3172 aliter
739 3123 868 3172 dicuntur
885 3122 913 3167 Η
934 3117 944 3185 ΙΙ
966 3117 1041 3186 4111]
1060 3135 1117 3170 non

146 3187 179 3235 W
191 3183 230 3252 {16
248 3187 327 3238 domo
345 3189 467 3251 Lipsius:
485 3188 563 3239 modo
581 3191 608 3238 Μ
625 3187 635 3253 ΙΙ
653 3192 669 3241 8
688 3190 820 3240 exiluisse
839 3189 860 3235 V
878 3200 916 3236 w:
936 3203 970 3237 ex
987 3187 1067 3238 siluis
1087 3203 1116 3239 se

147 3257 165 3302 0
184 3254 315 3306 exiluisse
333 3271 364 3306 se
381 3256 402 3304 B
419 3254 429 3322 ΙΙ
447 3258 478 3306 11
497 3254 564 3324 non]
583 3272 648 3307 num
665 3255 712 3322 Vi
727 3260 758 3307 17
775 3255 968 3318 dimissumque
985 3257 1026 3315 Η,
1044 3271 1116 3309 corr.

147 3336 164 3387 ς
181 3323 376 3389 remissumque
393 3325 498 3388 Lipsius
518 3322 529 3388 ΙΙ
550 3328 582 3376 21
601 3325 778 3389 abstergeres
796 3324 857 3373 add.
876 3322 1030 3381 Cotuuueus,
1054 3339 1117 3374 con-

146 3389 273 3441 traheres
292 3390 418 3458 Guripiue
433 3388 438 3457 Ι
456 3390 558 3458 ipsum]
583 3392 716 3458 templum
734 3393 839 3456 Lipsius
854 3387 858 3454 Ι
873 3393 1046 3454 responsuris
1065 3394 1082 3439 0
1103 3388 1114 3455 ll

146 3458 180 3506 22
198 3472 233 3508 ne
251 3473 380 3523 umquam
398 3491 430 3500 -
448 3459 577 3510 uiderunt
595 3476 641 3512 om.
661 3459 762 3525 w1125
779 3463 934 3510 mereantur
951 3473 989 3510 w:
1010 3472 1116 3508 meren·

147 3529 193 3575 tur
210 3528 238 3574 1
250 3523 260 3590 ll
272 3528 305 3578 27
323 3541 372 3591 pro
390 3543 419 3578 re
435 3530 545 3592 scripsi:
563 3528 675 3594 proprie
693 3526 744 3592 ΙΙΙ
760 3530 793 3580 30
811 3528 882 3579 haec
900 3529 1003 3580 addidi:
1024 3542 1070 3576 om.
1088 3526 1117 3572 1
