2406 4012
95 151 121 200 X
467 148 687 201 PRAEFATIO.

95 305 194 383 prima
215 323 309 363 manu
332 303 531 365 crassioribus
553 301 692 366 ductibus
716 304 836 367 dinosci
850 315 984 385 possunt
1005 303 1067 386 (ra-

96 390 159 447 rius
183 389 265 449 enim
287 408 306 447 a
320 406 350 450 w
371 389 423 448 uel
443 390 476 447 in
496 390 633 467 margine
655 388 708 450 uel
722 410 816 468 super
830 390 915 450 linea
937 390 1066 453 additae

95 482 168 532 sunt
189 493 281 533 uoces
303 469 495 552 litterasue),
525 483 629 534 tamen
657 474 825 552 aliqnando
853 475 968 535 fallunt
997 494 1067 536 oen·
1096 474 1101 497 ²

95 559 196 618 lorum
224 559 334 630 aciem,
365 566 399 616 ut
428 559 481 636 qui
507 567 579 635 post
606 578 668 631 me,
705 559 753 618 cui
781 580 891 638 parum
917 562 1067 639 temporis
1093 556 1097 561 ¹

95 643 166 702 huic
188 642 266 701 libro
288 642 468 721 impendere
489 641 591 714 licuit,
614 644 724 703 iterum
746 643 786 704 W
807 646 950 705 conferet
970 647 1067 705 inter

97 726 170 786 dum
191 727 322 786 fortasse
343 728 461 805 primae
484 728 588 785 manui
612 725 675 804 (W)
704 726 884 788 attributum
907 752 925 791 a
947 749 997 790 me
1020 731 1067 790 in·

97 819 246 870 uenturus
268 811 323 884 sit,
347 811 431 889 quod
454 812 617 871 correctori
640 808 694 888 (w)
718 812 844 872 attribui
866 812 984 874 debuit.
1031 834 1068 875 ea
1102 818 1107 825 '

96 915 171 955 uero
193 897 314 954 ratione
340 896 668 956 incommemorandis
695 899 874 957 correcturis
902 916 975 957 usus
999 917 1068 958 sum
1105 890 1108 895 ¹

96 990 139 1053 ut,
163 980 346 1059 ubicumque
361 979 506 1039 traditam
528 982 561 1039 in
581 979 720 1040 omnibus
735 980 820 1041 libris
844 977 922 1061 [siue
944 982 1013 1042 solo
1029 977 1066 1060 Δ]

97 1066 278 1143 scripturam
304 1073 457 1124 corrector
484 1067 660 1125 coniectura
688 1066 755 1124 61116
783 1075 867 1126 recta
893 1068 962 1127 siue
987 1067 1069 1127 falsa

98 1149 287 1220 attrectanit,
311 1149 418 1208 sedulo
441 1148 635 1222 adnotarem,
659 1157 776 1209 ceteras
799 1170 905 1211 omnes
928 1160 1067 1211 61111611-

97 1252 147 1292 ras
176 1241 207 1292 et
236 1241 426 1292 correcturas
461 1233 585 1294 silentio
614 1235 900 1312 praetermitterem.
932 1266 976 1278 -
1010 1235 1068 1295 sed
1108 1224 1114 1295 l

98 1317 147 1377 fac
162 1316 262 1377 Wt
216 1324 262 1375 mt
264 1337 370 1395 egram
391 1317 571 1396 nullumque
592 1327 792 1379 correctorem
806 1338 930 1418 passum
952 1319 994 1378 ad
1010 1339 1067 1379 noe
1110 1356 1114 1385 ς

98 1401 295 1480 peruenisse:
318 1420 515 1481 nequaquam
536 1411 640 1463 tamen
661 1403 723 1476 1116,
747 1412 844 1482 quant
846 1423 945 1464 umu1s
961 1402 985 1461 B
1005 1402 1026 1464 (1
1042 1403 1114 1465 V

96 1484 183 1544 libris
205 1506 244 1564 po
246 1486 314 1559 tior,
343 1485 384 1546 ad
406 1486 462 1546 has
485 1489 640 1547 orationes
667 1487 875 1548 recensendas
898 1487 981 1547 solus
1006 1468 1114 1546 suf-l

98 1570 214 1629 ficeret
257 1573 438 1648 saepissime
467 1573 548 1631 enim
575 1573 608 1630 in
631 1571 670 1632 W
698 1592 760 1631 una
787 1591 855 1631 cum
875 1571 901 1630 B
924 1570 945 1632 (1
966 1570 995 1630 V
1016 1571 1069 1632 uel
1112 1638 1114 1643 ,

97 1654 221 1734 singula
242 1655 294 1714 1161
317 1655 472 1735 complura
498 1655 648 1715 uocabula
671 1654 900 1729 desiderantur,
930 1674 1012 1734 quae
1036 1658 1069 1715 in
1111 1676 1114 1721 :

99 1739 324 1819 exemplaribus
348 1741 438 1801 editis
459 1738 535 1800 inde
557 1761 576 1800 a
599 1739 787 1821 Ouspiniano
811 1741 1070 1800 circumferuntur

98 1841 201 1900 neque
216 1833 320 1882 tamen
341 1826 477 1882 uirorum
493 1826 649 1884 doctorum
672 1826 855 1885 coniecturis
877 1824 975 1883 inlata
998 1843 1069 1884 esse

98 1915 235 1986 possunt.
264 1907 369 1985 itaque
391 1926 458 1965 cum
477 1909 695 1986 peruestigatis
718 1917 866 1986 quantum
887 1907 1069 1987 1161111661-

98 1991 221 2050 maniae
236 1989 409 2069 Italiaeque
424 1990 618 2051 bibliothecis
641 2010 715 2050 uere
738 1994 814 2051 anni
835 1994 1004 2070 superioris
1029 1992 1070 2051 ad

99 2074 269 2154 parandam
283 2075 365 2135 hano
380 2074 546 2136 editionem
561 2075 746 2150 accederem,
766 2097 829 2137 non
845 2097 929 2137 eram
943 2078 1070 2137 nescius

99 2180 190 2240 qnam
216 2179 311 2239 saepe
339 2158 435 2221 debili
462 2170 493 2220 61
520 2160 639 2221 infirmo
662 2159 867 2222 fundamento
893 2162 972 2221 haec
999 2181 1070 2223 mea

99 2246 268 2323 recognitio
290 2246 485 2304 inniteretur.

161 2329 290 2390 Praeter
312 2329 489 2390 Liuineium
511 2340 621 2405 antem,
648 2331 686 2391 de
710 2331 794 2390 cuius
816 2328 962 2389 subsidiis
984 2329 1070 2388 infra

97 2416 224 2476 uberius
245 2414 425 2495 exponendi
438 2415 525 2476 locus
541 2417 606 2489 erit,
631 2413 823 2494 plenioribus
843 2412 1000 2473 codicibus
1021 2415 1072 2474 1161

97 2510 170 2560 sunt
186 2501 246 2561 duo
270 2520 309 2560 ex
326 2499 479 2579 prioribus
501 2499 681 2572 editoribus,
705 2501 841 2560 Ioannes
858 2496 1070 2576 Cuspinianus

100 2594 131 2644 61
157 2584 292 2644 Ι66111166
321 2581 469 2642 Scheffer.
522 2593 552 2642 et
581 2584 620 2644 de
648 2585 733 2642 libris
764 2603 782 2642 a
808 2584 929 2643 Ioanne
957 2590 1069 2659 patruo

100 2665 246 2727 adhibitis
268 2665 347 2724 haec
373 2667 407 2724 in
429 2665 624 2744 praefatione
652 2666 797 2726 editionis
820 2666 1013 2726 Uiennensis
1042 2688 1070 2727 a.

102 2751 184 2809 1513
207 2750 302 2809 tradit
325 2749 476 2827 Georgius
500 2747 723 2827 Cuspinianus:
758 2749 842 2809 ‘nam
864 2759 989 2829 praeter
1010 2749 1070 2811 hoc

99 2835 184 2913 quod
205 2834 302 2893 multa
324 2842 412 2894 erant
433 2853 595 2913 perperam
618 2835 652 2892 in
673 2834 721 2894 his
744 2834 979 2914 elegantissimis
1002 2854 1070 2895 ora·

98 2918 236 2979 tionibus
263 2919 388 2980 inuersa
415 2938 451 2977 ac
473 2926 630 2998 corrupta,
662 2920 798 2998 integras
827 2920 919 2980 etiam
947 2917 1070 2979 chartas

100 3003 153 3063 ille
175 3010 281 3063 noster
295 3023 408 3083 parens
431 3003 577 3082 repperit,
600 3004 633 3062 in
651 3005 868 3065 uetustissimis
890 3005 953 3063 suis
969 3021 1071 3063 exem·

100 3087 248 3167 plaribus,
272 3107 308 3148 ac
330 3088 485 3149 restituit?
515 3088 682 3149 dolendum
704 3097 808 3148 autem
830 3097 877 3148 661
898 3086 978 3147 nihil
993 3088 1073 3148 certi

100 3172 141 3232 de
164 3172 276 3232 chartis
298 3172 359 3232 11116
387 3173 518 3234 relatum
539 3192 642 3252 neque
664 3175 766 3234 uarias
793 3192 833 3233 ex
855 3173 899 3232 616
920 3172 1071 3232 lectiones

100 3257 134 3316 in
155 3257 295 3336 margine
318 3257 481 3318 adnotatas
505 3277 584 3318 6666.
627 3258 701 3318 111116
724 3260 806 3319 enim
826 3255 950 3317 Keilius
973 3252 1071 3335 [Plin.

100 3341 198 3418 praef.
226 3362 257 3420 p.
280 3341 374 3402 XLII
397 3338 455 3422 sq.]
484 3342 704 3403 additamentis
732 3344 766 3401 in
794 3342 860 3402 sola
882 3339 1071 3418 Cuspiniani

102 3424 240 3485 editione
263 3425 451 3500 extantibus,
482 3430 599 3506 quippe
621 3447 702 3506 quae
728 3445 767 3486 ex
787 3446 871 3486 mera
894 3425 1072 3485 coniectura
