2406 4012
175 196 236 259 196
495 196 543 245 nr.
574 195 726 247 monam
743 194 825 247 rar.
1136 39 1195 361 1

174 347 263 428 cula,
292 349 324 409 te
353 346 545 409 abolitarum
572 345 819 427 calumniarum,
846 348 880 408 te
908 344 1149 429 prohibitarum
1189 366 1195 411 r

174 432 386 513 delationum,
415 434 447 493 te
470 429 652 493 conseruati
675 428 762 493 orbis
791 432 888 512 atque
909 429 1149 495 homicidarum
1188 421 1195 517 i

175 516 341 601 sanguinis
356 514 543 599 gratulatio.
565 515 680 577 intem
695 514 822 577 diuersa
838 535 1009 578 causarum
1023 516 1148 581 ratione
1184 526 1195 589 4²

174 601 284 664 diuino
307 598 452 680 consilio,
475 598 659 681 imperator,
681 596 743 662 hoc
765 603 815 662 est
828 600 894 681 tuo,
919 619 988 662 non
1008 599 1147 663 militum

149 683 422 764 multitudinem,
446 683 501 746 sed
522 682 663 766 partium
685 682 800 745 merita
821 683 1012 747 numerasti.
1191 688 1195 695 '

237 768 277 833 V.
324 766 464 851 Magnus
487 766 681 848 Alexander,
706 788 778 830 cum
823 770 929 831 raeter
950 766 1146 832 Macedonas
1190 772 1195 841 ’ζ

175 874 248 917 suos
278 854 411 916 cunctae
434 850 603 933 Graeciae,
630 851 782 914 uniuerso
799 789 936 934 lllyrico
963 852 1146 917 innumera·
1192 862 1195 867 '

174 937 272 1000 bilem
308 936 460 1000 dilectum
491 938 600 1019 posset
632 934 788 1016 indicere,
826 956 1006 1018 numquam
1039 940 1147 1001 tamen
1192 992 1195 1001 .

174 1022 312 1086 maiores
340 1021 553 1105 quadraginta
585 1019 711 1083 milium
745 1020 854 1103 copias
883 1020 975 1083 duxit
1005 1020 1146 1084 inhabile
1190 1019 1195 1091 ’ς

139 1126 163 1165 10
176 1107 301 1190 regenti
324 1108 430 1186 ratus,
455 1104 605 1188 quicquid
628 1104 809 1187 excederet,
836 1106 870 1167 et
890 1104 1022 1168 turbam
1043 1106 1146 1187 potius

176 1212 273 1273 quam
307 1190 491 1253 exercitum.
535 1194 571 1251 tu
599 1210 675 1251 uero
709 1189 806 1251 etiam
838 1188 1021 1252 minoribus
1051 1190 1146 1273 copiis

176 1273 295 1337 bellum
317 1273 417 1337 multo
438 1273 540 1336 maius
564 1294 734 1357 aggressus
758 1294 800 1355 es,
824 1275 916 1336 tanto
939 1272 1067 1337 scilicet
1080 1294 1146 1357 pro

175 1358 247 1440 pria
261 1359 317 1419 tua
332 1357 454 1420 uirtute
469 1356 575 1439 potior
590 1360 710 1440 quanto
726 1357 781 1420 illc
800 1378 934 1421 numero
949 1358 1145 1422 instructior.

177 1445 208 1505 et
230 1441 284 1505 ille
307 1441 435 1525 quidem
459 1444 571 1505 contra
592 1441 678 1505 leues
700 1440 812 1505 Medos
841 1444 873 1505 et
893 1442 1033 1507 inbelles
1053 1441 1146 1525 Syros
1191 1494 1195 1505 .

140 1544 165 1584 15
179 1530 211 1590 et
237 1525 430 1590 Parthorum
464 1547 552 1589 arma
579 1526 717 1589 uolatica
750 1529 783 1589 et
810 1526 971 1590 Asiaticos
1001 1528 1146 1610 optantes
1176 1573 1189 1587 .

177 1615 301 1675 mutare
330 1611 497 1675 seruitium
526 1632 593 1674 rem
621 1611 723 1694 gessit
748 1610 862 1693 proelii
890 1611 986 1674 unius
1016 1614 1144 1675 euentu:

177 1697 238 1760 tibi
265 1696 417 1760 uincendi
446 1701 539 1759 erant
565 1695 682 1758 milites
711 1695 783 1779 (pro
805 1695 930 1778 nefasl)
954 1695 1052 1778 paulo
1075 1696 1147 1759 ante

178 1781 336 1860 Romani,
360 1781 456 1843 armis
479 1779 627 1843 omnibus
648 1800 736 1842 more
757 1779 878 1863 primae
901 1779 1015 1842 classis
1037 1778 1147 1843 armati

180 1867 213 1926 et
241 1885 300 1946 pro
323 1864 503 1927 facinorum
532 1864 729 1927 conscientia
755 1885 929 1947 numquam
955 1864 1021 1927 nisi
1049 1866 1147 1928 morte

141 1967 166 2003 ao
180 1948 309 2010 cessuri.
353 1948 503 2029 probauit
524 1947 586 2010 hoc
607 1947 712 2029 prima
741 1948 914 2011 obstinatio
937 1969 1066 2031 eorum,
1097 1948 1148 2031 qui

97 2035 101 2041 '
180 2031 238 2093 sab
261 2029 339 2112 ipsis
357 2030 490 2112 Alpium
512 2031 607 2114 iugis,
629 2033 881 2095 munitissimum
903 2032 980 2096 licet
1001 2053 1094 2097 muro
1114 2052 1149 2097 ac

180 2115 244 2178 situ
271 2117 419 2177 tenentes
448 2113 615 2197 oppidum,
649 2117 717 2179 ausi
743 2117 874 2180 fuerunt
901 2120 933 2180 te
961 2117 1149 2181 imminente

179 2200 328 2264 resistere
351 2202 521 2282 asportes
545 2198 708 2284 claudere,
737 2222 803 2264 non
826 2202 991 2265 eredentes
1014 2201 1065 2265 illi
1085 2201 1150 2285 qui-

180 2286 268 2368 dem,
292 2287 328 2348 ut
350 2285 459 2368 audio,
482 2284 587 2368 ipsum
606 2287 639 2347 te
661 2285 770 2348 adesse
795 2286 877 2368 (quis
901 2286 987 2349 enim
1010 2286 1151 2350 crederet

143 2386 168 2426 25
181 2373 250 2433 tam
273 2370 337 2434 cito
361 2392 380 2432 a
401 2368 516 2433 Rheno
539 2369 578 2432 ad
600 2369 700 2453 Alpes
721 2369 948 2453 imperatorem
970 2392 1044 2433 cum
1067 2391 1151 2435 exer-

182 2455 248 2519 citu
263 2454 494 2539 pernotassel),
518 2456 573 2517 sed
588 2457 697 2517 tamen
713 2454 767 2536 qui
789 2475 856 2517 non
871 2455 972 2518 solum
988 2454 1152 2537 praesenti

181 2539 308 2602 numini
334 2542 407 2622 tuo,
442 2560 552 2602 uerum
583 2538 680 2602 etiam
707 2538 857 2602 nuntiato
886 2538 1013 2601 nomini
1044 2539 1152 2605 cedere

183 2623 378 2684 debuissent.
411 2623 540 2685 luerunt
561 2622 660 2704 igitur
682 2622 756 2686 ilico
779 2622 957 2686 dementiae
980 2644 1060 2687 suae
1081 2644 1153 2708 poe·

182 2724 253 2784 nas,
278 2725 350 2767 cum
372 2704 511 2767 oblatam
535 2705 596 2767 sibi
619 2727 638 2767 a
658 2705 825 2770 clementia
838 2711 895 2770 tua
917 2706 1048 2772 ueniam
1067 2730 1153 2773 reeu-

146 2805 171 2843 ao
184 2793 318 2850 sassent.
347 2808 450 2869 neque
470 2789 557 2852 enim
577 2789 663 2852 uallo
678 2790 827 2874 fossaque
843 2791 987 2855 obsessio
1001 2792 1154 2858 inchoata

185 2875 243 2954 cst,
268 2892 327 2935 nec
349 2872 506 2936 cuniculis
529 2873 662 2957 agendis
684 2897 745 2940 nec
767 2874 924 2939 machinis
946 2876 1154 2942 admonendis

253 3115 268 3161 Ξ
281 3117 309 3162 te
321 3114 370 3163 del.
383 3127 407 3160 w
422 3114 426 3173 1
444 3115 602 3165 conseruati
615 3114 688 3164 orbis
699 3116 838 3164 Annaea:
851 3116 1028 3166 conseruatio
1041 3118 1070 3164 1
1086 3116 1155 3167 P.R.

186 3181 345 3231 conseruati
363 3183 498 3231 Acidaliae
520 3180 524 3247 Ι
541 3185 557 3234 8
576 3182 709 3232 delectum
727 3184 744 3229 0
761 3180 771 3246 ll
788 3185 803 3232 9
821 3182 931 3233 milibus
946 3183 1082 3235 Liuineius
1098 3182 1110 3249 l
1127 3186 1156 3233 10

186 3251 273 3298 iratas
291 3251 314 3297 Δ
337 3245 347 3313 ΙΙ
373 3251 403 3297 12
422 3250 508 3299 maius
539 3251 626 3315 magis
645 3252 662 3298 0
679 3245 720 3314 V(
737 3266 812 3314 prop.
831 3255 881 3299 tua
898 3251 962 3299 uirt.
981 3252 1006 3299 Δ
1021 3252 1071 3300 W:
1092 3252 1155 3302 uirt.

186 3322 235 3366 tua
253 3333 332 3382 prop.
350 3318 370 3364 B
389 3319 406 3364 c
424 3317 447 3363 V
475 3314 485 3380 fl
516 3320 547 3367 17
566 3328 645 3368 erant
663 3315 825 3367 uincenditl
854 3316 863 3382 l
893 3320 924 3368 21
944 3319 1158 3370 munitissimum

186 3386 333 3433 Liuineius:
354 3384 537 3433 munitissimo
555 3387 583 3433 Μ
609 3384 613 3449 l
640 3384 747 3435 scilicet
766 3387 900 3435 Acidaliae
930 3382 940 3451 ΙΙ
969 3388 1003 3437 24
1020 3388 1114 3452 ipsum
1130 3392 1157 3435 te

187 3450 263 3497 AW:
283 3455 309 3498 te
327 3452 416 3513 ipsum
433 3452 513 3499 ΒΗ
529 3450 539 3516 ΙΙ
555 3455 587 3501 26
607 3454 654 3503 sed
674 3454 720 3517 qui
738 3457 831 3502 tamen
846 3453 971 3503 Gruterus
983 3451 994 3517 ΙΙ
1006 3457 1040 3505 27
1059 3456 1156 3505 cedere

188 3530 225 3564 w:
246 3517 357 3566 credere
369 3518 396 3563 Μ
409 3518 483 3567 Bert.
498 3516 507 3583 ΙΙ
525 3522 557 3569 28
575 3522 661 3584 igitur
678 3523 727 3573 del.
742 3534 767 3570 w
780 3518 789 3583 ΙΙ
807 3524 840 3571 30
857 3521 933 3571 uallo
952 3524 1027 3576 edel:
1045 3522 1120 3573 bello
1131 3523 1158 3569 Ι
