2406 4012
200 186 243 251 94
454 188 489 239 11.
526 187 581 238 CL.
601 185 812 237 MAMERTINI
829 184 908 237 PAN.

201 340 297 422 atque
319 336 479 401 uictorias.
518 356 598 419 quae
621 335 706 399 enim
728 336 778 399 tot
800 333 962 417 tantisque
984 333 1086 399 rebus
1108 334 1172 401 sul·
1197 351 1199 356 ’

200 423 289 487 ficiat
316 419 445 486 oratio?
482 419 574 483 illum
601 421 710 483 tamen
737 416 877 502 primum
907 418 1096 485 consulatus
1122 420 1169 485 tui

202 505 398 591 auspicalem
421 504 505 569 diem
527 504 644 568 tacitus
671 503 847 587 praeterire
868 502 957 567 nullo
979 503 1081 569 modo
1101 526 1170 589 pos-
1200 524 1202 530 ’

201 614 280 670 sum,
305 592 425 674 quotu
448 588 532 652 solus
560 588 704 652 omnium
733 589 923 652 consecutus
950 608 985 652 es
1012 590 1062 672 ut,
1086 588 1167 673 quod

174 679 326 757 stempus
349 676 444 738 antea
471 673 663 756 incipiendis
689 672 911 736 tantummodo
938 671 1036 737 rebus
1060 676 1169 757 aptum

201 759 378 842 uidebatur,
399 762 476 822 tunc
491 758 630 841 primum
651 757 794 842 potuerit
814 756 960 821 sufficere
975 756 1172 843 peragendis
1191 761 1199 769 '

200 864 328 928 unoque
350 843 399 908 sol
419 841 575 907 curriculo
597 863 655 906 suo
676 862 775 924 eoque
795 840 985 906 breuissime
1006 844 1041 905 et
1062 841 1170 908 officia
1195 848 1200 873 ²

199 932 232 994 te
256 927 395 993 consulis
416 927 623 992 inchoantem
648 925 771 990 uideret
793 930 826 990 et
847 947 944 1010 opera
964 926 1172 1010 imperatoria

200 1014 396 1098 implentem.
431 1012 569 1077 uidimus
597 1015 645 1096 te,
674 1009 807 1094 Cacsar,
839 1011 951 1075 ecdem
972 1010 1023 1075 die
1050 1032 1111 1095 pro
1135 1032 1197 1092 re,

163 1119 188 1159 10
201 1098 331 1184 publica
343 1100 376 1162 et
386 1100 462 1183 uota
475 1097 635 1180 suscipere
647 1097 680 1160 et
691 1095 794 1160 soluta
810 1094 950 1160 reddere.
982 1095 1071 1178 quod
1084 1096 1168 1161 euim

201 1181 622 1349 titillatio&
651 1180 770 1329 {illd
785 1179 1170 1349 titillata

201 1349 407 1448 praeuenisse
437 1348 575 1448 uidearis
606 1353 654 1433 et,
689 1350 839 1434 quicquid
868 1348 917 1413 illi
942 1348 1169 1449 promiserant,

163 1540 189 1579 1⁵
201 1434 654 1604 {talitttltttl
662 1431 1171 1602 &litanialem

203 1608 330 1670 ornatu.
360 1605 446 1670 bona
466 1605 562 1669 uenia
584 1603 678 1668 deum
700 1603 844 1686 dixerim,
867 1624 909 1668 nc
930 1600 1080 1686 Iuppiter
1102 1602 1170 1687 qui·

202 1692 274 1755 dem
307 1692 376 1775 ipse
409 1692 502 1754 tanta
536 1688 697 1753 celeritate
719 1687 845 1759 ¹faciem
877 1687 958 1752 caeli
986 1686 1051 1751 sui·
1067 1686 1172 1753 uariat

222 1797 298 1840 uam
312 1775 406 1840 facile
421 1776 466 1857 tu,
487 1775 530 1838 im
556 1776 670 1856 erator,
690 1776 800 1857 togam
821 1773 1022 1856 praetextam
1043 1774 1172 1857 sumpto

239 1880 334 1924 orace
355 1856 504 1940 mutasti,
532 1795 658 1921 lostam
680 1858 786 1941 posito
815 1858 959 1941 scipione
982 1856 1131 1941 rapuisti,
1153 1876 1174 1921 a

163 1962 188 1999 20
201 1942 355 2007 tribunali
376 1945 475 2005 temet
496 1943 532 2006 in
547 1962 703 2025 campum,
727 1964 746 2005 a
762 1942 862 2007 curuli
876 1941 911 2005 in
926 1962 1043 2025 equum
1064 1943 1170 2007 trans

201 2027 305 2090 tulisti
326 2029 358 2090 et
376 2047 485 2090 rursus
503 2048 541 2091 ex
560 2025 628 2090 acie
652 2047 723 2090 cum
744 2026 907 2111 triumpho
928 2024 1041 2090 redisti
1056 2028 1172 2091 totam·

202 2132 263 2194 que
284 2110 368 2175 hanc
390 2111 501 2176 urbem
527 2111 697 2195 repentina
724 2113 781 2174 tua
807 2111 840 2174 in
870 2109 977 2175 hostes
1001 2110 1172 2195 eruptione

202 2195 371 2260 sollicitam
397 2195 522 2261 laetitia
549 2199 582 2260 et
614 2195 810 2262 exultatione
838 2197 871 2260 et
904 2195 989 2258 auris
1022 2194 1171 2281 fragran-

201 2281 288 2347 tibus
312 2284 345 2346 et
372 2281 523 2346 sacrificis
551 2281 700 2346 odoribus
721 2280 864 2345 accensis
885 2278 1013 2344 numini
1032 2282 1092 2343 tuo
1112 2279 1170 2344 im·
1191 2348 1198 2355 ,

163 2384 188 2424 2⁵
201 2367 305 2451 plesti.
342 2366 389 2431 ita
410 2369 544 2450 utroque
572 2366 657 2431 illius
685 2365 749 2430 diei
776 2385 924 2449 supremo
954 2363 1172 2448 temporabis

202 2451 312 2517 diuina
340 2473 391 2516 res
419 2453 490 2536 pari
517 2452 673 2537 religione
704 2449 864 2514 celebrata
892 2449 950 2532 est,
981 2448 1064 2533 Ioui,
1095 2447 1171 2513 dum

200 2537 398 2620 profuturis
420 2539 564 2619 uouetur,
586 2535 656 2619 tibi,
684 2535 760 2599 dum
781 2555 840 2618 pro
862 2533 999 2598 uictoria
1021 2532 1168 2598 soluitur.

256 2618 330 2683 VII.
353 2618 429 2683 Tale
450 2620 550 2702 igitur
569 2619 746 2702 auspicium
767 2618 853 2683 illius
874 2617 952 2682 anni
967 2616 1044 2700 quid
1061 2638 1170 2703 seque·

201 2703 295 2766 batur
322 2703 385 2766 nisi
420 2722 540 2766 nouum
573 2702 703 2786 aliquod
738 2706 770 2767 et
804 2703 921 2787 ingens
954 2698 1168 2767 miraculum?

163 2803 189 2844 so
204 2785 287 2870 quod
315 2788 422 2850 autem
449 2786 550 2849 maius
579 2787 706 2851 euenire
733 2788 839 2871 potuit
866 2786 924 2851 illa
952 2789 1010 2851 tua
1031 2787 1068 2851 in
1092 2784 1166 2851 Ger·

201 2869 343 2934 maniam
363 2870 638 2956 transgressione?
662 2893 725 2955 qua
744 2874 780 2935 tu
802 2871 924 2955 primus
946 2871 1093 2935 omnium
1113 2869 1169 2935 im-

201 2957 384 3039 peratorum
417 2955 561 3039 probasti
600 2954 737 3022 Romani
776 2956 903 3040 imperii
942 2956 1070 3021 nullum
1103 2974 1168 3021 esso

269 3113 284 3160 2
302 3112 383 3177 primi
399 3126 416 3177 ς
438 3107 450 3178 ll
473 3113 488 3163 8
506 3126 589 3178 opera
607 3113 752 3163 Liuineius:
772 3126 821 3163 ora
832 3112 859 3159 Π
876 3108 886 3177 l
905 3112 937 3163 10
949 3110 1042 3162 soluta
1053 3108 1167 3161 reddere

200 3181 307 3244 scripsi:
331 3180 480 3230 coniuncta
498 3179 597 3231 debere
614 3181 641 3228 Π
660 3181 790 3231 conuicta
808 3178 901 3231 delere
919 3178 1081 3231 &asama
1104 3175 1115 3243 Ι
1137 3178 1167 3227 12

201 3244 279 3312 mihi]
300 3249 330 3297 in
347 3248 379 3297 W
406 3244 416 3312 l
446 3248 478 3298 18
490 3248 573 3298 uenia
593 3249 610 3296 0
628 3261 665 3297 w:
684 3250 794 3300 neniam
812 3246 863 3313 ΙΙ
890 3253 920 3298 tu
937 3246 1062 3312 iuppiter
1079 3244 1167 3311 tom

204 3312 216 3379 {l
236 3317 268 3365 23
286 3317 361 3366 auris
378 3317 401 3363 Δ
419 3314 451 3363 W
467 3314 557 3366 Bas.-
582 3331 646 3366 aras
661 3316 682 3365 B
699 3318 717 3365 0
734 3317 756 3363 V
774 3314 830 3365 aris
848 3330 865 3381 ς
897 3312 902 3380 Ι
931 3313 1119 3381 flagrantibus
1133 3310 1166 3373 Ι,

200 3386 307 3433 carreni
330 3381 339 3449 ΙΙ
363 3386 396 3433 24
413 3381 557 3434 sacrifieiis
568 3385 608 3445 Π,
624 3400 693 3435 corr.
711 3382 794 3434 Licin.
815 3381 912 3447 ledor.
931 3397 992 3433 aco.
1010 3382 1066 3431 Π
1078 3380 1165 3432 Bert:

201 3452 230 3499 et
243 3450 316 3504 odor.
330 3466 389 3502 ace.
400 3454 417 3499 c
430 3450 504 3505 odor.
516 3455 543 3502 ct
553 3466 611 3505 acc.
629 3452 696 3500 ΔΨ
708 3450 782 3502 odor.
798 3456 827 3501 et
844 3467 902 3502 aco.
917 3464 982 3501 num
991 3454 1012 3502 t.
1021 3448 1165 3499 luminibus

202 3516 276 3581 Ousp.
300 3515 311 3582 ΙΙ
334 3519 488 3570 26d1ciw:
507 3519 550 3569 die
566 3519 593 3566 Π
620 3516 632 3584 l
660 3520 693 3569 30
710 3519 798 3584 magis
815 3520 847 3569 W
872 3516 882 3583 ΙΙ
905 3514 1139 3584 rumpentes!
