2406 4012
310 95 524 148 THEODOSIO
542 97 715 150 AUGUSTO
734 99 768 150 D.
786 102 863 152 4-6.
1009 101 1073 166 275

96 245 163 309 tim
185 244 361 309 uirtutibus
378 245 602 329 praedicandis
616 247 771 329 prolixius
793 249 994 332 immorarer3
1017 252 1073 316 sed

95 329 179 413 quid
201 329 342 393 faciam?
379 351 496 393 nouam
518 330 688 413 quamdam
710 332 816 414 patior
839 355 877 396 ex
901 333 991 416 copia
1012 334 1073 398 dif-

99 413 289 477 ficultatem.
336 414 428 497 quid,
463 414 613 498 inquam,
648 415 786 479 faciam?
832 439 912 499 quae
939 417 1072 485 Rhenus

102 503 162 561 aut
176 497 311 562 Uahalis
333 499 415 561 uidit
437 498 631 583 aggrediar?
657 500 723 563 iam
744 522 778 564 se
800 501 879 564 mihi
895 501 1073 567 Sarmatica

102 581 201 646 caede
223 582 417 666 sanguineus
431 581 543 647 Hister
558 583 685 647 obiciet.
714 585 859 649 attritam
874 586 1072 669 pedestribus
1085 607 1098 649 o

98 666 235 751 proeliis
250 664 453 730 Britanniam
474 666 636 731 referam?
658 666 742 733 Saxo
759 678 966 753 consumptus
981 670 1072 734 bellis

98 750 271 814 naualibus
287 750 448 814 offeretur.
471 751 635 815 redactum
651 750 693 814 ad
707 752 840 834 paludes
855 775 927 817 suas
943 753 1074 819 Scotum

102 834 239 917 loquar?
277 835 460 917 compulsus
487 836 522 899 in
545 834 733 899 solitudines
762 838 849 900 auias
872 838 975 901 omnis
997 839 1073 902 Ala-

100 939 243 982 mannus
271 922 303 982 et
330 921 462 1002 uterque
488 918 620 983 Maurus
647 924 823 985 occurrent.
875 942 946 984 cum
974 922 1074 1004 igitur

100 1002 259 1150 ifflfiat
272 1005 368 1066 turba
383 1003 543 1150 dilecpum,
566 1003 605 1067 ad
620 1001 682 1067 hoc
696 1004 780 1067 tanti
800 1004 969 1151 uiridgestta
983 1026 1073 1087 prae·
1087 1024 1112 1067 ro

96 1107 119 1150 s
189 1109 225 1150 m
247 1108 404 1150 summam
425 1109 460 1151 re
476 1108 544 1151 erre
589 1109 663 1151 uam
689 1109 903 1152 enumcrano
941 1111 1073 1154 enuare:

103 1170 222 1235 dixisse
250 1171 389 1235 sufficiat
416 1193 516 1234 unum
545 1110 636 1235 illum
664 1172 816 1236 diuinitus
846 1173 1003 1255 extitisse,
1039 1173 1074 1238 in

103 1276 170 1337 quo
191 1256 327 1320 uirtutes
349 1255 443 1319 simul
466 1277 576 1319 omnes
600 1257 748 1340 uigerent
767 1279 848 1339 quae
871 1257 1017 1342 singulae
1039 1257 1074 1323 in

104 1338 290 1403 hominibus
312 1340 545 1422 praedicantur.
579 1360 622 1404 an
644 1340 671 1404 si
694 1342 761 1404 eius
783 1343 908 1406 saeculo
929 1363 998 1406 mos
1020 1340 1074 1405 ille

105 1422 240 1487 uixisset
267 1445 328 1507 quo
356 1423 494 1488 Romani
522 1424 618 1489 duces
645 1424 844 1489 Macedonici
867 1424 1113 1490 OreticiNu·15

103 1508 245 1571 mantini
267 1508 305 1572 de
320 1508 482 1572 uocabulis
498 1509 646 1592 gentium
668 1508 872 1572 subactarum
889 1508 1075 1590 adoptiuum

97 1590 235 1676 ‘insigne
250 1592 436 1656 sumebant:
460 1612 569 1655 nonne
584 1591 680 1656 hodie
695 1591 847 1675 pauciora
861 1593 896 1655 in
910 1591 1074 1655 annalium

102 1676 234 1740 scriniis
261 1698 354 1760 quarn
383 1677 419 1739 in
445 1679 572 1740 uestrae
599 1674 709 1741 domus
730 1675 833 1740 titulis
862 1681 1076 1760 cognomenta

104 1759 314 1844 legerentur?
351 1781 423 1824 cum
450 1761 520 1844 ipse
548 1760 738 1842 Saronicus,
771 1761 840 1843 ipse
868 1759 1074 1844 Sarmaticus,

105 1845 176 1928 ipsc
203 1844 437 1909 Alamannicus
472 1844 629 1910 diceretur
657 1850 703 1929 et,
742 1849 899 1930 quantum
926 1848 996 1910 tota
1023 1868 1074 1910 res
1087 1867 1113 1907 ao

106 1928 237 2012 publica
251 1928 349 1992 habet
364 1928 516 2012 hostium,
537 1932 663 1994 tantum
677 1953 742 1996 una
756 1930 880 1995 familia
894 1931 1076 1996 ostenderet

106 2011 351 2160 triumphorum.

170 2096 227 2161 V.
280 2096 343 2162 Sed
365 2097 440 2180 quid
468 2119 598 2162 necesse
627 2102 677 2162 est
697 2098 783 2166 mitti
809 2099 845 2162 in
866 2099 1076 2181 praeteritum

106 2181 311 2266 diligentiam
334 2181 513 2246 curiosam?
553 2185 691 2264 patrem,
714 2182 902 2265 imperator,
924 2184 1015 2245 tuum
1037 2182 1076 2245 de

106 2268 140 2330 te
167 2266 387 2350 aestimemus,
422 2287 481 2329 nec
509 2264 649 2329 difficilis
676 2265 866 2330 coniectatio
894 2268 952 2328 ast.
999 2287 1075 2329 nam
1088 2281 1114 2326 as

106 2372 180 2415 cum
203 2350 265 2415 duo
288 2351 356 2415 sint
377 2372 456 2434 quae
480 2350 582 2414 claros
605 2349 699 2413 duces
716 2349 847 2432 faciant,
870 2371 992 2413 summa
1013 2349 1075 2412 uir·

108 2438 161 2499 tus
184 2456 370 2518 summaque
392 2434 545 2515 felicitas,
578 2435 659 2498 scire
682 2433 812 2497 obuium
834 2436 883 2498 est
905 2455 967 2516 qua
987 2454 1077 2516 pras·

106 2519 194 2583 ditus
215 2519 314 2583 fuerit
328 2519 483 2583 felicitate
504 2523 533 2584 ct
546 2521 662 2584 uirtute
679 2518 780 2601 quite
795 2518 916 2603 genuit.
944 2539 962 2582 0
979 2518 1077 2603 digna

108 2636 186 2642 ---
195 2635 313 2642 .-.--.-....

177 2677 310 2724 anonam
331 2699 358 2708 -
379 2678 395 2723 3
414 2673 517 2724 faciam
535 2690 581 2723 om.
600 2675 633 2723 W
656 2672 666 2739 ΙΙ
689 2676 706 2723 4
723 2673 839 2725 Uahalis
857 2675 947 2724 Bertt
965 2673 1078 2725 Uacalis

105 2743 130 2791 B
148 2743 170 2789 V
190 2741 320 2791 Vachalis
338 2742 361 2789 A
374 2744 390 2790 0
403 2742 436 2790 W
452 2738 463 2805 ll
484 2743 500 2791 6
518 2741 668 2792 britaniam
687 2755 723 2790 w:
743 2742 885 2793 batauiam
902 2744 930 2790 Al
946 2740 956 2806 ΙΙ
973 2745 987 2792 V
1007 2746 1077 2791 scot·

106 2814 165 2859 tum
183 2809 210 2856 ll
234 2807 244 2874 [l
273 2812 289 2860 8
308 2808 433 2859 almanus
450 2810 473 2857 A
502 2806 512 2872 ΙΙ
544 2812 575 2858 10
592 2807 721 2859 dilectam
738 2810 761 2857 A
781 2808 785 2872 l
805 2809 952 2860 tantumA
973 2808 977 2872 Ι
997 2812 1089 2871 gesto¹

109 2882 228 2940 praestet
245 2876 268 2925 A
286 2876 375 2926 Bert:
399 2881 521 2941 praestet
541 2877 676 2940 (praestat
693 2876 737 2936 W)
756 2881 833 2938 gesta
852 2883 911 2926 cett.
940 2873 950 2939 ΙΙ
982 2875 1077 2925 14110-

85 2946 92 2960 “
108 2944 230 2994 minibus
247 2946 343 3006 scripsi
359 2948 376 2994 l.
395 2947 428 2993 l.:
447 2943 572 2992 omnibus
589 2945 617 2991 Al
640 2941 650 3006 ΙΙ
676 2944 707 2991 15
724 2943 861 3006 uiguisset
879 2943 1027 2995 Acidaliae:
1045 2958 1079 2991 on

106 3012 278 3062 reuixisset?
308 3002 323 3075 ΙῘ
349 3013 380 3060 16
400 3011 559 3075 adoptiuum
577 3023 615 3058 w:
636 3010 820 3073 adoptimum
838 3011 865 3058 11
893 3007 903 3073 ΙΙ
934 3011 964 3059 17
983 3005 1076 3074 hodie]

110 3077 153 3128 his
173 3079 204 3127 W
221 3076 231 3143 ΙΙ
249 3081 282 3130 20
299 3078 471 3128 almannicus
489 3078 512 3125 A
529 3075 539 3142 ΙΙ
557 3079 587 3126 21
608 3076 766 3126 ostenderet
785 3081 813 3126 ct
829 3078 852 3125 A
864 3077 918 3125 BV
935 3074 944 3141 ΙΙ
966 3077 998 3126 25
1016 3077 1079 3125 esti·

108 3161 212 3197 memus
234 3147 257 3194 A
279 3146 370 3199 Bere:
398 3146 560 3196 extimemus
581 3146 601 3193 B
620 3147 637 3192 0
656 3145 678 3191 V
696 3144 728 3191 W
761 3141 770 3208 ΙΙ
805 3147 836 3195 27
861 3160 913 3208 qua
936 3141 1078 3208 praeditus

111 3214 199 3265 fuerit
216 3216 319 3264 uirtute
343 3214 390 3278 qui
412 3222 440 3263 te
459 3212 566 3275 docuit,
591 3228 646 3276 qua
668 3211 753 3261 fuerit
776 3211 911 3262 felicitate
935 3210 1080 3276 praeditus

111 3282 159 3343 qui
178 3286 204 3330 te
225 3282 320 3343 genuit
331 3282 408 3344 Cusp.
426 3280 568 3346 praeditus
585 3288 645 3344 pose
664 3295 717 3343 qna
729 3279 752 3328 A
764 3279 848 3342 Bere,
866 3286 926 3342 post
944 3278 1079 3328 felicitate

109 3348 132 3395 B
150 3351 167 3397 0
185 3350 207 3396 V
224 3352 257 3398 W
274 3356 373 3412 ponatur
394 3346 404 3412 [Ι
428 3350 461 3398 28
480 3348 533 3397 fuit
551 3345 588 3411 οΙ
608 3352 637 3398 et
654 3348 757 3396 uirtute
775 3349 880 3398 addidi:
901 3364 947 3400 om.
966 3348 1013 3412 ΜΙ
1033 3347 1080 3411 qui

107 3432 158 3466 om.
176 3417 199 3464 A

876 3496 926 3549 18*
