2406 4012
1150 80 1173 117 'l

121 204 124 211 '
180 218 244 282 274
501 218 562 268 xu.
592 217 726 269 racem
743 217 824 267 eru.
1137 39 1195 375 1

182 368 377 432 declaratum
405 367 459 450 qui
486 370 519 429 et
546 366 586 429 ab
615 367 762 430 omnibus
789 365 855 453 legi
879 367 1027 432 debuerit
1054 370 1145 432 etex
1188 376 1195 433 l

183 453 341 517 omnibus.
389 474 466 515 nam
498 451 635 533 primum
668 451 729 514 tibi
761 455 866 515 mater
899 450 1062 536 Hispania
1092 456 1145 535 est,

183 537 277 602 terris
305 536 452 600 omnibus
473 538 559 597 terra
581 534 718 616 felicior,
754 535 805 600 cui
833 535 1029 601 excolendae
1058 540 1146 621 atque

184 621 262 685 adeo
287 620 437 685 ditandae
463 619 639 701 impensius
662 640 758 702 quam
787 619 901 684 ceteris
923 621 1077 704 gentibus
1102 642 1148 685 su-

157 703 1078 854 ⁵titt?..tltttublttltt‘ttttllulttttt
1092 727 1150 854 tt:

184 873 242 937 bus
265 872 369 936 media
383 871 511 937 fouetur
529 872 597 935 axis
612 873 775 955 utriusque
789 874 956 957 temperie,
979 896 1064 957 quac
1104 874 1110 886 '
1135 894 1152 937 c

184 957 342 1040 Pyrenaei
363 956 535 1038 montibus,
557 955 648 1020 illinc
671 957 784 1020 oceani
805 957 957 1046 aestibus,
980 958 1058 1022 inde
1076 958 1152 1041 Tyr·

184 1042 278 1105 rheni
306 1041 403 1105 maris
425 1041 571 1104 litoribus
600 1046 752 1105 coronata
778 1043 914 1106 naturae
942 1041 1085 1106 sollertis
1106 1044 1154 1106 iu·

147 1144 172 1182 10
185 1126 282 1211 genio
305 1125 394 1189 uelut
416 1125 498 1189 alter
518 1125 602 1188 orbis
624 1124 809 1189 includitur.
839 1125 918 1189 adde
933 1130 986 1190 tot
1008 1128 1154 1225 egregias

187 1210 348 1292 ciuitates,
374 1210 454 1273 adde
478 1209 563 1272 culta
584 1208 770 1293 incultaque
792 1210 899 1273 omnia
918 1210 972 1274 uel
997 1212 1156 1275 fructibus

185 1295 281 1376 plena
302 1293 354 1356 uel
369 1293 530 1377 gregibus
553 1294 633 1357 adde
654 1293 863 1357 auriferorum
885 1315 962 1378 opes
976 1294 1157 1379 fluminum,

186 1377 266 1440 adde
297 1377 490 1439 radiantium
522 1376 652 1440 metalla
681 1399 889 1462 gemmarum.
934 1381 1002 1444 scio
1030 1380 1158 1445 fabulas

185 1464 351 1541 poetarum
366 1461 497 1526 auribus
513 1462 690 1525 mulcendis
705 1466 848 1545 repertas
867 1462 975 1546 aliqua
991 1464 1158 1529 nonnullis

148 1565 174 1605 15
188 1546 337 1630 gentibus
366 1545 550 1609 attribuisse
577 1546 742 1612 miracula.
788 1568 884 1630 quae,
913 1551 951 1610 ut
979 1549 1048 1612 sint
1071 1570 1158 1629 uera,

188 1634 264 1694 sunt
286 1630 427 1714 singula3
461 1651 521 1693 nec
549 1631 614 1693 iam
640 1631 765 1694 excutio
787 1631 966 1696 ueritatem.
1014 1633 1096 1715 sint,
1125 1638 1159 1697 ut

187 1714 353 1796 scribitur,
377 1714 522 1799 Gargara
543 1717 702 1797 prouentu
723 1715 810 1778 laeta
831 1716 975 1797 triticeo,
1008 1716 1161 1781 Meuania

188 1802 381 1862 memoretur
424 1802 582 1880 armento,
627 1799 805 1882 Campania
842 1804 1012 1864 censeatur
1049 1807 1160 1866 monte

189 1882 351 1978 Gaurano,
365 1883 475 1980 Lydia
497 1884 695 1981 praedicetur
717 1905 811 1947 amne
833 1883 979 1968 Pactolo;
1005 1885 1084 1950 dum
1104 1885 1161 1950 Hi·

149 1985 175 2024 ²⁰
189 1967 1058 2137 {ittibitti?ltttltbtltbiblttg
1082 1970 1161 2119 itt

188 2132 435 2197 facundissimos
458 2140 610 2219 oratores,
633 2135 713 2200 haec
735 2135 929 2200 clarissimos
950 2142 1043 2202 uates
1065 2140 1160 2223 pant,

188 2218 269 2283 haec
291 2218 431 2283 iudicum
452 2223 564 2301 mater,
586 2221 664 2284 haec
686 2222 868 2304 principum
891 2225 949 2286 est.
978 2223 1062 2288 haec
1085 2224 1161 2288 Tra

189 2303 300 2367 ianum
322 2303 428 2389 illum,
451 2304 529 2369 haec
551 2305 702 2387 deinceps
724 2304 926 2369 Hadrianum
949 2307 1039 2371 misit
1062 2307 1160 2393 impe

149 2405 176 2447 as
190 2389 254 2471 rio,
278 2388 353 2452 huic
375 2392 408 2452 te
430 2389 524 2453 debet
547 2390 726 2472 imperium.
772 2392 863 2453 cedat
884 2388 935 2453 his
956 2392 1053 2456 terris
1077 2396 1161 2457 terra

191 2472 353 2537 Cretensis
380 2475 472 2556 parui
494 2473 581 2538 Iouis
606 2474 745 2558 gloriata
774 2474 939 2538 cunabulis
968 2479 1002 2540 et
1022 2478 1161 2561 geminis

189 2555 287 2621 Delos
309 2561 436 2640 reptata
456 2558 642 2622 numinibus
669 2563 702 2622 et
722 2558 852 2622 alumno
874 2557 1015 2624 Hercule
1036 2562 1160 2626 nobiles

190 2639 330 2703 Thebae.
364 2642 460 2713 fidem
482 2647 629 2707 constare
650 2643 810 2707 nescimus
833 2643 968 2710 auditis:
993 2645 1091 2709 deum
1113 2646 1161 2710 dc

191 2722 239 2785 dit
260 2722 419 2805 Hispania
441 2747 534 2807 quem
557 2727 710 2795 uidemus.

150 2827 177 2866 eo
254 2805 294 2870 V.
340 2806 421 2871 Erat
448 2811 551 2873 iustae
579 2811 848 2894 compensationis
877 2813 1001 2877 occasio
1030 2817 1082 2897 ut,
1111 2814 1162 2898 qui

192 2890 231 2954 de
252 2890 374 2973 patriae
395 2895 470 2957 tuae
492 2893 637 2959 laudibus
659 2918 762 2981 pauca
783 2896 949 2978 dixissem,
976 2899 1083 2980 patris
1104 2898 1162 2963 sal·

265 3069 279 3115 1
298 3068 371 3130 prius
389 3073 417 3115 et
436 3083 481 3117 om.
500 3068 523 3115 A
543 3064 553 3133 l
574 3071 589 3117 7
608 3069 672 3117 hinc
703 3068 769 3116 huic
786 3068 809 3115 A
830 3065 840 3133 ΙΙ
861 3070 877 3119 8
895 3069 1020 3132 pireneis
1036 3076 1124 3121 mont.
1141 3083 1165 3119 v

192 3132 195 3189 l
217 3135 323 3198 tyrreni
340 3135 363 3182 A
381 3136 398 3182 G
419 3137 465 3183 VI:
485 3135 579 3184 tirenci
596 3136 616 3183 B
635 3136 657 3182 V
711 3134 913 3200 10—13adde]
933 3136 1014 3187 atde
1032 3138 1057 3187 A
1076 3146 1167 3205 quater

189 3198 198 3265 ll
218 3203 248 3250 11
268 3201 434 3250 fructicibus
453 3200 497 3266 011
515 3206 546 3252 14
563 3203 721 3267 mulgendis
738 3202 761 3251 A
777 3200 787 3268 ll
810 3205 841 3253 15
860 3201 903 3269 ut]
923 3219 978 3253 non
996 3207 1015 3253 (l
1031 3202 1042 3270 l
1061 3208 1095 3256 16
1112 3207 1167 3257 sint

192 3269 262 3332 sing.
281 3282 305 3316 w
322 3266 332 3333 ΙΙ
353 3269 384 3317 17
402 3271 567 3332 prouentula
584 3276 612 3321 et
630 3270 758 3319 atriticeo
777 3271 919 3330 (atriciceo
938 3272 970 3319 W
988 3288 1005 3322 a
1024 3274 1122 3324 tritico
1138 3272 1166 3337 c)

191 3337 226 3394 11,
247 3353 314 3385 corr.
334 3334 357 3382 V
374 3352 404 3383 m.
425 3338 450 3399 2,
471 3351 487 3400 ς
508 3336 512 3400 Ι
531 3340 695 3388 menaniac
719 3335 728 3402 ΙΙ
758 3340 791 3388 20
808 3338 909 3402 ubique
929 3338 1021 3404 Carpe
1039 3358 1089 3392 om.
1107 3343 1134 3390 H
1158 3342 1166 3407 ᾖ

191 3403 224 3450 21
242 3402 389 3452 milites-
403 3402 611 3455 facundissimos
628 3422 673 3455 om.
686 3406 706 3453 B
719 3406 741 3452 V
756 3404 760 3467 1
775 3406 1027 3469 experientissimos
1039 3407 1065 3457 A
1076 3408 1167 3459 Bere..-

192 3469 398 3530 expertissimos
415 3471 435 3518 Β
454 3471 471 3518 G
489 3471 511 3517 V
528 3473 561 3518 W
581 3470 591 3536 ΙΙ
612 3475 644 3522 24
662 3472 729 3522 hacc
747 3488 793 3523 om.
812 3471 834 3520 A
854 3470 864 3538 fl
888 3475 921 3524 27
940 3472 1066 3542 reptata]
1087 3492 1168 3542 prec-

191 3532 251 3581 lata
269 3537 367 3585 conieci
383 3540 399 3585 l.
417 3540 434 3584 l.
451 3553 478 3599 p.
497 3540 550 3586 222
