2406 4012
231 173 855 255 11111111111111111111.,11-11.
967 178 1026 242 177
1045 250 1047 254 Α

53 327 155 391 toniti
186 324 407 409 conciderunt,
434 346 475 389 ne
498 328 589 389 tuum
616 347 674 410 pro
703 327 890 409 republica
916 330 1029 393 uotum

55 410 198 495 amplius
219 430 316 493 quam
336 409 432 473 unius
454 410 559 473 noctis
582 430 658 474 cura
680 411 850 495 tetigisset.
876 413 1029 495 postridie

56 495 147 561 enim
173 515 269 578 quam
297 496 428 577 accepto
456 493 513 558 ille
540 495 654 558 nuntio
682 495 881 579 geminatum
902 497 1028 561 itineris

56 580 200 644 laborem
222 599 416 663 susceperas,
441 599 551 641 omnes
572 578 687 643 fluctus
709 580 872 664 resedisse,
901 602 1028 647 omnem

55 686 155 749 quarn
176 662 351 746 reliqueras
365 662 633 746 tranquillitatem
649 663 769 729 redisse
785 665 935 747 didicisti,
958 668 1053 750 ipsas

56 748 120 814 hoc
149 748 196 812 sio
224 746 394 811 ordinante
421 747 552 811 fortuna
579 751 616 810 ut
641 751 673 811 te
702 749 746 812 ibi
773 771 880 813 rerum
901 754 1028 815 tuarum

56 833 197 899 felicitas
221 833 408 895 admoneret
422 830 470 896 dis
485 831 720 896 immortalibus
734 834 818 898 ferre
839 855 920 918 quae
940 838 1028 900 uota-

55 938 161 996 ueras,
185 916 240 980 ubi
263 916 444 980 deflexisses
466 916 506 979 ad
520 915 676 999 templum
695 919 762 980 toto
785 918 861 982 orbe
883 919 1028 1003 pulcher·

55 1002 186 1084 rimum,
207 1000 305 1064 immo
319 999 359 1064 ad
375 1004 587 1084 praesentem,
606 1004 643 1064 ut
657 1001 777 1085 uidisti,
793 1003 895 1067 deum.
919 1004 1029 1068 uidisti

55 1088 154 1170 enim,
179 1084 283 1164 credo,
302 1084 523 1168 Constantine,
546 1084 731 1169 Apollinem
746 1089 837 1150 tuum
853 1088 1028 1153 comitante
1042 1109 1066 1148 ιο

55 1169 205 1237 Uictoria
227 1189 360 1233 coronas
380 1170 440 1233 tibi
462 1170 586 1234 laureas
608 1169 809 1253 offerentem,
834 1193 913 1254 quae
935 1175 1027 1236 trice-

54 1276 137 1320 num
163 1254 310 1338 singulae
332 1254 442 1318 ferunt
466 1275 561 1318 omen
584 1276 751 1320 annorum.
796 1256 848 1320 hic
871 1259 920 1321 est
942 1257 1027 1321 enim

55 1339 271 1403 humanarum
282 1360 433 1402 numerus
441 1342 591 1421 aetatum,
600 1340 746 1424 quaetibi
754 1342 862 1425 utique
872 1342 1028 1406 debentur

54 1422 145 1487 ultra
158 1422 285 1506 Pyliam
306 1426 513 1488 senectutem.
544 1424 688 1488 stimmo
707 1425 783 1508 quid
798 1426 869 1489 dico
887 1426 1026 1490 ‘credo’l

54 1507 168 1573 uidisti
191 1510 284 1591 teque
306 1508 340 1571 in
363 1507 449 1571 illius
473 1509 579 1592 specie
600 1510 833 1592 recognouisti,
858 1511 909 1574 cui
931 1511 1027 1574 totius
1042 1531 1066 1570 a

54 1591 170 1657 mundi
184 1613 286 1676 regna
301 1591 409 1656 deberi
425 1597 534 1656 uatum
550 1594 691 1657 carmina
706 1593 817 1656 diuina
833 1595 1026 1658 cecinerunt.

52 1676 142 1761 quod
166 1697 226 1760 ego
254 1698 341 1740 nunc
363 1677 491 1740 demum
518 1677 656 1740 arbitror
680 1677 869 1760 contigisse,
899 1698 970 1741 oum
992 1682 1028 1741 tu

56 1762 114 1845 sis,
136 1763 173 1824 ut
193 1760 258 1844 ille,
282 1762 410 1825 iuuenis
433 1764 465 1825 11
486 1760 589 1824 laetus
613 1764 645 1824 et
667 1761 812 1824 salutifer
834 1767 866 1826 et
880 1762 1027 1846 pulcher-

54 1846 173 1929 rimus,
206 1845 389 1930 imperator.
439 1845 554 1909 merito
582 1845 681 1930 igitur
714 1847 942 1930 augustissima
971 1847 1028 1911 illa

54 1928 191 1994 delubra
213 1931 313 1994 tantis
331 1931 470 1994 donariis
486 1930 663 1995 honestasti
685 1934 722 1995 ut
744 1932 806 1994 iam
829 1935 939 1997 uetera
960 1953 1028 1996 non
1041 1953 1066 1994 11

55 2017 223 2098 quaerant.
249 2016 315 2078 iam
337 2015 445 2079 omnia
466 2019 498 2078 te
521 2036 635 2079 uocare
658 2015 697 2080 ad
720 2038 753 2080 se
776 2017 896 2102 templa
918 2016 1027 2082 uiden-

53 2102 112 2163 tur
139 2101 370 2183 praecipueque
398 2099 516 2182 Apollo
544 2103 668 2182 noster,
708 2102 797 2165 cuius
826 2102 1026 2167 icruentibus

52 2183 151 2331 <appuis
178 2185 316 2267 periuria
342 2184 534 2268 puniuntur,
564 2206 643 2267 quae
671 2189 704 2248 te
733 2187 872 2250 maxime
900 2190 1028 2269 oportet

98 2289 171 2331 isse.

121 2350 225 2415 XXII.
249 2352 292 2417 Di
312 2353 518 2434 immortales,
542 2352 669 2435 quando
691 2353 782 2415 illum
799 2353 915 2416 dabitis
932 2351 1026 2435 diem,
1039 2370 1066 2410 as

53 2456 130 2584 {tt
146 2435 1028 2605 deterreantur,restituerat

53 2604 132 2670 hela
158 2607 298 2670 fontium
327 2628 383 2670 111
411 2605 605 2670 circumeat?
650 2627 784 2689 quorum
814 2605 1027 2691 scaturigines

54 2690 125 2754 leni
146 2692 259 2773 tepore
286 2691 459 2755 nebulosae
482 2688 637 2773 arridere,
668 2690 897 2774 Constantine,
927 2691 1027 2756 oculis

54 2775 123 2838 tuis
145 2779 177 2839 et
192 2775 309 2840 osculis
330 2797 398 2840 sese
413 2777 555 2840 inserere
572 2776 656 2840 uelle
671 2777 830 2842 uidentur.
859 2777 1027 2841 miraberis
1040 2795 1066 2835 eo

57 2896 217 2907 -—·--.
223 2899 246 2906 ..-
251 2900 265 2905 .-

128 2966 141 3013 1
161 2963 209 3029 ne]
229 2980 270 3015 1111
287 2964 361 3017 Berl.
383 2962 393 3029 ΙΙ
417 2963 688 3016 61111111111111,.·
708 2967 867 3015 1111111111
887 2963 897 3030 ΙΙ
919 2968 934 3015 7
954 2965 1028 3015 ferre

53 3032 105 3080 W:
122 3030 178 3081 iere
196 3033 316 3081 Ancv
339 3029 343 3096 Ι
369 3037 515 3082 notaueras
534 3048 595 3096 epo:
614 3047 762 3083 uocaueras
781 3034 808 3079 Μ
826 3046 942 3082 noceres
961 3045 986 3079 w
1014 3031 1024 3095 ΙΙ

55 3101 88 3147 11
108 3098 162 3149 tibi
178 3099 291 3150 lanceas
309 3099 469 3150 afferentem
486 3100 510 3148 A
535 3098 540 3164 Ι
563 3101 699 3150 tricenum
716 3100 791 3150 edd:
809 3101 915 3149 triceno
933 3100 961 3145 Η
979 3100 1027 3147 111-

54 3180 186 3217 cenorum
203 3181 228 3215 w
251 3166 261 3232 Ι
286 3169 319 3216 14
337 3167 432 3232 pylani
449 3168 473 3216 A
488 3166 492 3232 Ι
511 3168 564 3217 imo
582 3168 603 3216 B
621 3168 643 3216 V
662 3182 716 3217 uno
735 3169 752 3215 0
768 3164 772 3231 Ι
789 3168 855 3231 quid
875 3166 962 3227 oredo,
981 3182 1027 3215 om.

53 3234 128 3296 dico,
147 3234 221 3285 Bere.
239 3235 322 3284 nov
343 3233 354 3300 Ι
375 3238 406 3285 15
425 3236 502 3285 cuius
519 3236 604 3285 totius
622 3235 644 3284 A
665 3234 675 3300 ΙΙ
697 3232 787 3299 18111]
809 3240 837 3285 et
855 3238 872 3283 c
893 3233 903 3299 ΙΙ
927 3236 960 3284 20
978 3233 1027 3283 ho-

53 3302 162 3351 nestati
179 3302 244 3351 BW
256 3317 274 3352 u
286 3300 296 3367 ΙΙ
313 3305 345 3352 21
363 3303 492 3353 uidentur
504 3305 649 3354 Liuineius:
668 3302 816 3353 uideantur
832 3303 859 3351 n
871 3300 881 3366 ΙΙ
899 3303 931 3351 27
949 3300 1027 3351 sedes

53 3370 130 3419 edd:
150 3369 216 3420 edes
234 3370 649 3437 nhedesBerr.1hanellau
667 3370 761 3437 (anele
779 3368 807 3434 c)
829 3367 839 3433 ΙΙ
860 3371 893 3420 28
912 3369 1027 3419 circum·

53 3441 128 3553 meist
145 3437 168 3485 A
186 3434 196 3501 Ι
217 3440 250 3553 2¹9
268 3443 363 3503 tepore
381 3440 454 3489 edd:
472 3444 594 3504 tempore
612 3440 639 3488 n
655 3436 665 3504 ΙΙ
683 3442 716 3490 30
733 3438 864 3487 uidentur
881 3437 1026 3489 Liuineius.-

53 3505 85 3553 ui
106 3509 205 3555 eantur

107 3594 194 3640 Panno.
207 3606 262 3637 nar.
841 3594 873 3641 1‘2
