2406 4012
130 223 195 287 244
474 223 521 273 xc
547 223 759 274 annaurim

133 374 308 438 ambitione
336 373 386 436 sui
414 372 572 456 gaudent3
607 393 666 436 nec
694 371 810 456 aliquis
838 371 982 438 habendi
1009 398 1143 460 quem

133 459 306 542 plurimum
336 460 455 539 metuS,
490 456 545 520 sed
573 456 608 520 in
633 459 725 520 tanta
750 458 907 521 bonorum
936 458 1143 535 affluenti}

132 565 251 627 magna
273 541 464 605 uerecundia
486 562 551 604 non
574 539 723 604 habendi.
763 540 817 606 hio
838 541 978 626 denique
1001 549 1143 620 statim

132 649 238 691 rerum
261 629 310 690 est
331 629 367 688 ut
389 625 584 689 obtinendae
605 626 711 708 potius
728 625 893 691 felicitatis
915 630 1030 692 uotum
1052 651 1143 714 gn-

106 734 239 775 sramus
262 732 357 793 quam
380 708 546 858 augendae
568 709 784 792 cupiditatem.
812 733 914 774 unum
937 713 1034 776 modo
1056 736 1113 782 a&
1130 760 1143 782 ε

132 817 195 878 quo
210 795 279 858 fieri
301 794 403 877 possit
447 815 520 857 orna
535 793 667 876 felicior,
689 794 864 858 maximum
883 795 1026 880 quidem,
1050 820 1143 873 a&

131 883 242 943 tamen
262 879 375 961 solum,
400 881 436 942 ut
450 877 700 943 Constantinum
721 883 983 945 conseruatorem
1001 904 1143 958 SUUQ

132 969 169 1028 ut
196 964 396 1028 beatissimos
425 962 577 1027 Caesares
604 962 727 1046 uideat,
759 967 795 1026 ut
822 963 952 1028 fruendi
980 968 1143 1048 copia-1

132 1070 190 1132 pro
218 1049 366 1112 desiderii
393 1048 488 1110 modo
514 1047 636 1130 capiat,
669 1051 706 1110 ut
732 1068 792 1111 uos
820 1047 935 1112 alacris
964 1051 1075 1133 excipi
1095 1083 1143 1131 ar

95 1157 120 1195 ιο
133 1137 180 1280 gt,
202 1155 278 1280 timi
299 1133 345 1196 rei
367 1132 514 1215 publicae
535 1131 618 1194 ratio
641 1131 764 1216 digredi
782 1132 912 1216 fecerit,
935 1139 1137 1218 receptura

154 1240 210 1280 1m1
222 1259 225 1265 ·
237 1239 258 1279 a
275 1267 282 1279 .

588 1809 640 1880 XI

270 1960 549 2058 CLAUDII
576 1960 940 2057 MAtOERTIN
944 1962 970 2057 1

195 2125 718 2190 GRATIARUM
778 2124 1037 2190 ACTIO

97 2280 121 2319 15
297 2266 347 2314 nu
367 2263 587 2315 cousunaru
604 2263 674 2314 suo
692 2262 846 2314 murano
865 2263 940 2313 rur.

197 2414 223 2478 Ι.
268 2414 341 2478 Etsi
363 2415 429 2478 scio
451 2418 499 2497 te,
528 2414 716 2495 imperator,
746 2415 776 2476 et
798 2415 929 2476 cunctos
953 2414 1008 2496 qui
1030 2434 1094 2477 con-

136 2500 241 2563 silium
263 2504 354 2563 tuum
371 2499 568 2582 participant
589 2518 682 2580 posse
704 2497 814 2561 mirari
836 2496 920 2579 quod
942 2519 1029 2563 nunc
1051 2498 1095 2560 de

134 2606 221 2647 mum
244 2585 366 2666 gratias
388 2605 484 2666 agere
508 2603 637 2646 exorsus
660 2603 745 2664 sum,
776 2581 867 2664 quasi
889 2581 1046 2646 beneficia
1067 2581 1096 2643 in

134 2687 185 2728 me
207 2670 262 2728 tua
291 2667 456 2747 coeperint
478 2689 496 2728 a
519 2666 703 2730 consulatu:
739 2666 865 2729 fatebor
886 2669 998 2730 tamen
1020 2663 1097 2750 quod

96 2768 122 2806 so
135 2749 259 2831 ingenii
288 2750 377 2811 cuius
404 2770 455 2811 me
477 2750 623 2831 poenitet
650 2751 794 2814 conscius
822 2751 920 2814 etiarn
947 2772 1036 2815 nunc
1057 2754 1098 2814 ta·

136 2853 207 2896 cere
234 2832 406 2896 noluissem
438 2835 470 2895 et
496 2853 708 2916 prorumpens
736 2835 812 2898 licet
838 2833 932 2898 huius
961 2835 1098 2899 muneris

135 2915 285 3000 gaudium
307 2917 393 2980 intra
415 2939 550 2981 arcanae
573 2918 714 2982 laetitiae
742 2919 973 2983 conscientiam
995 2919 1098 2983 coher-

136 3024 215 3067 cere.
253 3002 308 3066 sed
331 3003 398 3066 siue
420 3024 560 3067 errorem
582 3006 726 3066 nostrum
749 3003 816 3067 siue
839 3004 1008 3067 consilium
1032 3025 1099 3068 con-

135 3091 227 3174 gesta
249 3092 282 3152 et
297 3092 482 3152 coaceruata
505 3089 540 3151 in
555 3109 653 3151 unum
668 3087 823 3151 beneficia
844 3088 993 3151 uicerunt
1009 3092 1099 3171 atque

98 3189 122 3226 2⁵
135 3176 170 3237 in
191 3175 224 3237 id
246 3174 438 3258 redegerunt
459 3172 659 3237 necessitatis
682 3172 868 3256 ambiguum
888 3176 926 3235 ut
947 3171 1029 3236 mihi
1050 3175 1101 3235 aui

204 3416 220 3460 5
242 3413 404 3477 cupiditatis
421 3414 459 3472 Ι,
482 3428 551 3463 corr.
568 3411 751 3462 cistersiensi
780 3411 790 3475 ΙΙ
821 3415 835 3462 7
854 3411 941 3461 solum
959 3428 1016 3462 non
1035 3412 1101 3462 Con·

136 3480 258 3528 stamine
278 3495 352 3528 cons.
370 3481 392 3527 Δ
413 3477 423 3543 ΙΙ
446 3481 462 3528 9
481 3486 513 3529 ut
530 3479 620 3530 Bert:
641 3484 668 3529 et
685 3481 713 3526 Π
733 3477 743 3543 ΙΙ
764 3481 796 3529 16
815 3480 962 3545 Imperator
979 3481 1102 3543 Augusto

137 3542 210 3594 Berl.
234 3543 245 3609 ΙΙ
270 3547 301 3595 18
319 3547 371 3594 sim
390 3547 464 3611 Curp.
489 3544 500 3611 11
523 3549 556 3597 22
574 3563 677 3599 arcana
695 3548 728 3593 W
752 3545 762 3611 ΙΙ
786 3548 820 3597 25
837 3547 998 3614 redigerunt
1015 3548 1049 3596 W
