2406 4012
247 84 505 140 consranrrno
523 86 693 140 ruausro
712 89 745 140 n.
765 93 840 141 3-5.
965 89 1027 154 217

54 234 149 321 sequi
171 235 287 319 uelles3
315 236 379 299 nisi
401 236 488 318 quod
509 238 595 301 recte
617 237 776 302 factorum
798 240 1029 322 contemplator

54 320 243 403 acerrimus,
267 320 392 404 siquid
415 341 506 384 secus
521 320 621 400 fieret,
646 343 665 384 a
687 322 853 405 spectandi
875 344 950 387 cura
970 346 1027 407 pu-

55 406 171 471 dentes
199 404 308 468 oculos
330 404 551 469 abstrahebas.
596 406 687 470 dabit
708 407 794 470 enim
816 408 944 471 ueniam
967 408 1028 473 cle-

54 490 179 555 mentia
199 492 272 571 tua,
296 489 324 552 si
346 489 547 553 audaciorem
567 490 686 554 ueritas
708 490 796 555 facit.

120 572 162 638 V.
193 572 387 637 Existimare
409 573 537 656 quidem
560 574 598 638 de
613 575 811 659 principibus
834 576 956 639 nemini
976 575 1053 640 fase

56 661 118 723 est.
162 679 239 721 nam
266 660 299 721 et
326 657 361 720 in
388 658 546 721 uestibulo
574 679 631 722 suo
658 660 873 743 inquirentem
900 661 1029 743 repellit

56 742 185 807 obiecta
209 741 372 806 ueneratio
401 744 433 805 et
454 741 482 805 si
504 743 559 825 qui
580 746 688 807 mente
710 745 840 826 propius
870 745 1027 828 adierunt,

56 825 259 975 qffipculis
281 826 430 974 maelmin
452 848 486 973 {e
506 827 774 975 ffilendenffibus
790 830 913 975 teuenit²
936 850 1027 975 prate-

56 932 154 1073 iacis,
176 930 534 1078 piiiidipuriniliniaxiide,
563 933 606 1058 ui
620 933 935 1079 pesitrdiiemuidearlltiiril
937 934 1027 1078 1dudd
1040 1015 1066 1054 ro

57 1078 224 1144 obstructa
246 1079 334 1162 prius
355 1079 498 1161 fuerant,
533 1080 587 1162 qui
608 1084 675 1143 tam
703 1083 794 1164 optas
816 1083 904 1146 totus
925 1080 1028 1144 uideri

57 1184 156 1247 quam
177 1164 275 1227 ceteri
292 1164 493 1227 recusabant.
530 1185 596 1227 non
616 1168 721 1229 terror
743 1166 875 1229 obtentu
899 1168 1028 1229 estnec

59 1247 259 1312 occultandis
281 1268 361 1331 quae
376 1249 563 1330 plerumque
584 1249 778 1313 intrinsecus
798 1250 900 1313 latent
921 1250 1027 1314 demo-

57 1330 224 1414 randoque
265 1335 397 1415 aspectu
435 1333 608 1397 ostentatio
647 1334 791 1417 speciosa
830 1334 1025 1417 perhibetur.

58 1416 191 1480 obtutus
213 1415 379 1479 hominum
401 1416 561 1500 benignus
583 1421 743 1501 receptas3
766 1439 826 1481 nec
848 1420 1027 1482 intuentem
1040 1432 1065 1474 1⁵

57 1500 316 1647 iniquusdfulgor
338 1500 510 1648 rithnilit'·
524 1501 579 1564 red
601 1502 879 1648 serenumdlurgen
899 1503 1026 1647 ignitat.

57 1606 1028 1753 111111111111115111111οΡ11ξὲ1οὲωέῑὲ

57 1753 156 1817 ueriti
184 1775 291 1817 sumus
319 1754 354 1817 in
376 1758 408 1817 te
435 1756 576 1818 reserata
603 1775 805 1818 ueneremur.
849 1754 964 1838 igitur,
993 1754 1029 1816 ut

58 1837 184 1919 facitis,
213 1837 389 1901 beatissimi
413 1836 578 1921 Caesares,
605 1860 663 1922 per
690 1860 799 1902 omnes
821 1842 1066 1921 paternaruma

58 1921 190 1985 laudum
212 1922 281 1985 uias
303 1923 348 1986 ite
371 1923 483 1986 securi.
515 1943 580 1986 non
603 1923 741 2006 simplici
763 1923 891 2006 quidem
913 1923 1028 1987 itinere

59 2026 251 2070 numerosae
274 2006 341 2070 eius
364 2008 500 2070 uirtutes
519 2007 755 2091 ingrediuntur,
779 2007 835 2071 sed
857 2008 966 2071 omnia
989 2008 1029 2070 ad

60 2089 197 2155 eundem
224 2090 347 2174 gloriae
375 2091 495 2154 exitum
516 2090 635 2156 ferunt.
680 2093 787 2155 nullae
817 2092 1028 2174 cupiditatum

60 2174 270 2255 deflexiones,
307 2175 416 2238 nullus
449 2175 564 2239 erroris
598 2175 779 2239 anfractus:
822 2177 859 2237 ut
888 2172 1029 2237 uerenda

59 2257 340 2343 progredientibus
367 2280 435 2323 non
461 2261 504 2323 sit
525 2259 728 2340 dispendiosa
754 2258 926 2321 reuocatio.
969 2258 1029 2320 ita·
1042 2272 1068 2312 2⁵

59 2363 124 2424 que
144 2343 349 2406 maturiorem
378 2364 504 2406 cursum
526 2341 712 2406 instituistis
735 2343 934 2424 quimorem
957 2361 1030 2404 con-

60 2427 224 2491 siderandi
245 2428 369 2491 itineris
391 2448 458 2490 non
472 2427 607 2491 habetis,
635 2427 690 2490 sed
712 2425 792 2490 mihi
813 2426 1030 2490 circumuento

59 2510 124 2575 hac
145 2511 216 2594 ipsa
240 2532 347 2575 rerum
370 2513 476 2595 copia,
505 2533 584 2595 quae
606 2511 808 2594 potissimum
836 2508 1031 2594 capessenda

60 2595 106 2659 sit
126 2594 197 2678 uia,
219 2596 274 2678 qui
296 2595 401 2659 aditus
422 2597 495 2678 fiat,
524 2597 681 2660 incertum
705 2602 767 2661 est:
804 2596 851 2659 ita
873 2618 906 2660 se
928 2596 1031 2659 multa

60 2678 201 2743 offerunt
223 2680 329 2762 specie
350 2680 458 2762 paria,
481 2681 704 2765 magnitudine
728 2681 949 2765 congruentia.
1043 2694 1069 2734 ³⁰

130 2938 147 2984 4
164 2936 246 2985 malim
263 2936 436 2985 audaciorem
453 2952 496 2985 me
526 2934 536 3000 ΙΙ
569 2938 583 2985 7
601 2938 689 2984 mente
707 2948 744 2983 w:
768 2939 883 2982 mentem
903 2936 929 2982 Ι
948 2932 1031 2993 Bere,

62 3018 113 3067 quo
130 3009 231 3053 retento
250 3003 401 3069 adegerunt
418 3007 459 3053 uel
476 3003 639 3053 adiecerunt
657 3003 726 3052 docti
752 3000 756 3062 Ι
788 3008 900 3049 mentem
918 3000 1032 3063 propius

61 3068 191 3121 Hert:
208 3072 322 3136 propius
339 3074 455 3121 mentem
474 3078 532 3121 cett.
546 3067 556 3135 ll
574 3072 604 3118 11
623 3069 699 3134 prius
718 3069 860 3118 obstructa
877 3066 918 3131 ⁰ll
937 3070 966 3115 1⁴2
985 3068 1032 3117 ob·

61 3137 155 3186 tentni
170 3138 194 3186 B
209 3139 242 3187 W
258 3156 289 3188 m.
309 3141 332 3199 1,
353 3137 494 3188 obstentui
511 3152 536 3186 w
554 3137 675 3187 ostentui
693 3151 710 3201 ς
726 3134 736 3201 l
754 3139 786 3185 13
805 3136 975 3186 extrinsecus
996 3136 1027 3193 rt,

61 3218 132 3256 corr.
150 3205 283 3256 Liuineius
296 3204 305 3270 ΙΙ
320 3209 351 3255 14
368 3206 530 3269 perhibetur
547 3207 621 3259 edri:
639 3204 845 3271 prohibetur!
866 3202 934 3253 Brut
953 3212 1030 3265 prae·

62 3271 172 3323 hibetur
189 3275 323 3324 Acidaliae
343 3272 491 3337 praebetur
508 3273 640 3322 Liuineius
655 3270 667 3337 fl
685 3272 715 3321 16
733 3272 853 3333 iniquum
871 3270 920 3333 *l
941 3272 969 3319 l'l
988 3270 1029 3317 in·

62 3340 216 3405 telligimus
234 3342 257 3390 Δ
275 3355 312 3390 w:
330 3340 519 3405 intelligamus
538 3348 596 3393 ceu.
610 3340 621 3403 ΙΙ
635 3340 665 3391 18
684 3340 797 3391 luerunt
813 3340 840 3387 H
856 3340 943 3399 Bere,
961 3350 1029 3387 corr.

63 3408 199 3458 Acidaliae
215 3406 275 3473 1122
291 3410 374 3459 malim
392 3408 479 3458 omnis
496 3406 507 3473 ll
524 3410 557 3459 28
576 3408 749 3473 capessenda
770 3409 786 3457 ,1
