2406 4012
134 189 196 255 136
460 191 492 241 V.
521 187 673 241 mosem
690 187 773 240 esu.

132 340 252 405 misero
285 361 416 404 manum
442 338 598 422 piraticae
626 337 777 402 factionis
810 340 907 421 atque
933 338 1000 403 illis
1026 339 1096 405 olim

133 425 216 489 mari
243 424 334 488 fretis
364 424 536 487 alluentem
563 425 674 506 portas
706 421 827 486 ademit
856 443 1021 487 oceanum.
1065 424 1096 488 in

135 531 198 593 quo
226 507 336 605 diuina
361 507 563 604 prouidentia
585 511 642 603 tua
670 509 702 571 et
723 528 781 603 par
808 506 942 571 oonsilio
972 507 1098 573 effeetus
1135 582 1139 589 ¹

109 590 1097 758 111111111111111111111111111
1139 630 1142 773 j

135 762 194 824 bus
223 760 421 844 ingestisque
444 760 530 823 saxis
552 760 676 823 inuium
704 760 841 823 nauibus
868 760 1038 825 reddidisti
1058 764 1098 825 et-
1137 800 1142 839 ·.

136 866 197 929 que
218 844 322 928 ipsam
337 844 400 908 loci
422 847 570 908 naturam
588 843 769 908 admirabili
791 844 916 908 ratione
936 846 1100 929 superasti,

136 951 209 993 oum
236 951 322 994 mare
349 928 470 993 frustra
498 929 697 1013 reciprocum
718 928 890 1011 prohibitis
913 928 996 1026 fuga
1016 930 1100 1014 quasi

136 1014 270 1078 illudere
292 1013 454 1078 uideretur
473 1013 598 1096 iamque
621 1012 709 1077 nullo
731 1033 790 1077 usu
812 1014 939 1077 iuuaret
954 1014 1104 1097 molusos,

97 1120 123 1160 10
137 1099 226 1183 quasi
248 1099 350 1162 redire
373 1098 515 1165 desisset.
560 1118 718 1181 quaenam
744 1119 895 1180 umquam
917 1098 1101 1162 mirabimur

135 1183 223 1246 ualle
251 1184 426 1246 castrorum
453 1184 527 1264 post
553 1181 614 1246 hoc
641 1202 760 1245 nouum
787 1182 822 1245 in
848 1182 932 1245 mari
960 1181 1102 1246 uallum?

136 1265 211 1348 quid
233 1265 293 1329 erit
315 1266 430 1329 mirum
454 1266 481 1329 si
502 1287 564 1348 qua
585 1287 748 1330 murorum
770 1267 827 1329 aut
840 1266 933 1330 arieti
954 1288 1025 1331 non
1042 1288 1102 1331 oes-

136 1350 215 1413 serit
234 1349 368 1413 firmitas
391 1352 447 1413 aut
465 1349 632 1414 machinas
648 1350 829 1432 despexerit
848 1350 1013 1415 altitudo?
1034 1372 1102 1416 oum

136 1454 276 1497 oceanus
298 1433 353 1497 ille
373 1436 466 1498 tanto
487 1434 622 1498 libratus
644 1435 781 1518 impetu,
811 1437 903 1498 tanta
924 1435 1011 1499 mole
1033 1457 1103 1500 oon·

97 1537 122 1577 15
136 1539 287 1604 surgens,
320 1518 386 1583 siue
413 1518 617 1583 ulterioribus
644 1521 682 1582 ut
701 1519 811 1583 ferunt
835 1519 930 1582 terris
957 1521 1103 1604 repulsus

136 1603 204 1667 siue
227 1602 372 1668 anhelitu
394 1625 488 1688 quem
509 1604 649 1687 respirat
670 1607 799 1667 eueotus
824 1625 880 1667 seu
903 1624 1103 1689 quacumque

136 1688 201 1751 elia
223 1688 347 1753 ratione
368 1691 483 1771 motus,
505 1709 707 1771 nequaquam
723 1692 788 1771 tua,
812 1688 940 1768 Caesar,
963 1687 1105 1752 claustra

135 1771 329 1856 perfregerit
356 1794 458 1856 neque
480 1772 612 1836 omnino
639 1771 826 1837 conuellerit
847 1774 897 1836 tot
920 1772 1046 1837 dierum
1068 1794 1105 1837 ao

135 1855 281 1918 noctium
302 1861 432 1938 reoeptu
454 1877 662 1940 recursuque3
700 1877 772 1920 eum
793 1859 844 1920 tot
865 1856 1015 1941 interim,
1044 1878 1106 1940 qua

97 1958 123 1997 ao
135 1941 237 2000 terras
253 1939 452 2022 oiroumfluit,
469 1939 565 2003 litora
580 1940 717 2005 solueret
731 1941 881 2023 ripasque
896 1940 1104 2026 defringeret,

135 2041 199 2083 uno
222 2020 288 2103 illo,
311 2024 346 2085 ut
367 2043 418 2085 res
441 2025 498 2105 est,
520 2023 591 2088 loeo
614 2027 670 2088 aut
690 2024 835 2108 potentia
859 2027 986 2089 uestrae
1008 2026 1105 2090 maie-

135 2104 234 2253 statits·
266 2104 400 2169 inferior
435 2111 492 2171 aut
527 2130 584 2190 pro
618 2109 725 2173 debito
761 2109 852 2172 uobis
884 2108 1007 2173 honore
1045 2111 1106 2175 ole-

136 2211 209 2254 men
225 2211 283 2254 ror.

199 2272 273 2339 Vll.
318 2273 456 2358 Xerxes,
485 2278 521 2339 ut
543 2275 651 2359 audio,
678 2276 847 2340 Persarum
869 2299 926 2341 rex
947 2278 1107 2360 potentis-

97 2375 123 2419 25
137 2361 247 2443 simus,
270 2360 400 2443 pedicas
415 2359 492 2425 ieoit
505 2383 618 2425 aureas
635 2361 670 2424 in
685 2361 890 2444 profundum,
913 2360 1106 2445 Neptunum

136 2466 169 2509 se
192 2444 344 2509 dictitans
373 2445 505 2530 alligare
534 2446 608 2529 quia
629 2445 778 2509 fluetibus
800 2445 965 2510 ferociret:
1005 2448 1108 2512 stulta

134 2529 189 2593 ille
223 2529 377 2593 iaetantia
410 2534 443 2594 et
473 2531 632 2613 sacrilega
664 2529 815 2593 uanitate.
861 2533 895 2594 at
922 2530 1011 2594 enim
1038 2534 1106 2615 tua,

136 2612 267 2688 Caesar,
298 2613 408 2676 diuina
429 2614 634 2694 prouidentia
662 2617 695 2678 et
716 2613 839 2678 efficaci
868 2617 917 2678 est
940 2636 1001 2679 usa
1030 2637 1107 2680 oon-

204 2764 217 2809 1
236 2762 335 2811 misero
354 2777 495 2811 romanum
512 2764 564 2826 pir.
582 2766 609 2813 At
626 2763 636 2831 ΙΙ
657 2769 673 2816 3
691 2766 804 2818 effeetus
823 2769 895 2818 edd:
914 2767 1034 2819 affectus
1051 2770 1079 2816 11
1095 2766 1107 2837 Ι

135 2830 151 2877 5
169 2827 285 2877 statutis
303 2828 413 2879 uicibus
431 2829 463 2877 W
479 2843 505 2877 m
519 2829 524 2894 Ι
540 2831 637 2881 defixit
654 2833 671 2881 (1
687 2830 699 2898 ΙΙ
720 2836 735 2882 6
754 2835 972 2898 ingestisque-
983 2838 1108 2887 nauibus

135 2911 181 2947 om.
199 2892 376 2959 (timoribus
394 2898 417 2945 A
429 2894 468 2962 ΙΙ9
486 2899 594 2963 iamque
612 2901 758 2951 Liuineius:
776 2907 861 2966 tamq;
879 2902 943 2950 Aw
961 2908 1107 2968 tamquam

133 2963 154 3011 Β
172 2965 190 3010 0
208 2963 231 3009 V
247 2959 257 3027 ΙΙ
275 2964 306 3013 10
324 2978 355 3013 us
375 2980 437 3014 uam
456 2966 587 3017 Liuineius
608 2965 618 3032 ΙΙ
643 2971 673 3017 12
691 2984 827 3018 murorum
845 2982 883 3017 w:
902 2971 1025 3020 uirorum
1043 2973 1070 3019 Ι
1091 2970 1104 3037 ΙΙ

136 3030 168 3079 14
185 3029 318 3081 liberatus
336 2978 381 3097 cll
403 3034 435 3082 16
454 3049 534 3098 quem
546 3035 592 3083 W:
612 3050 665 3099 que
683 3037 706 3084 A
717 3036 737 3084 Β
749 3050 800 3085 mr
819 3051 888 3100 quae
902 3036 952 3087 Vu
971 3052 1025 3101 quo
1044 3040 1106 3093 edd.

136 3094 148 3162 ΙΙ
164 3099 195 3150 17
208 3113 378 3163 nequaquam
391 3113 429 3150 w:
448 3116 615 3167 quamquam
626 3104 654 3150 1
665 3117 811 3169 numquam
822 3105 881 3157 edd.
897 3102 901 3168 Ι
917 3108 966 3154 tua
977 3106 998 3154 Β
1008 3107 1027 3154 d
1039 3107 1105 3157 vv:

133 3170 165 3215 tu
182 3168 205 3215 A
222 3164 232 3231 ΙΙ
254 3168 286 3217 19
305 3164 431 3234 receptu]
450 3173 532 3220 malim
549 3184 663 3220 recessu
683 3167 693 3234 Ι
714 3174 747 3220 20
766 3169 937 3236 diffringeret
955 3173 1107 3231 Liuineio&

134 3233 298 3298 refringeret
313 3235 447 3285 Acidaliae
463 3232 475 3301 ΙΙ
491 3239 522 3286 21
542 3233 609 3303 uno]
629 3242 660 3286 ut
677 3238 700 3285 A
715 3236 719 3301 Ι
735 3238 860 3301 potentia
878 3252 916 3289 w:
934 3241 1060 3304 potentie
1077 3243 1106 3289 Ι

136 3296 148 3364 ΙΙ
168 3303 202 3350 24
219 3301 323 3351 Xerxes
341 3302 371 3350 o:
390 3300 491 3353 Xerses
504 3306 531 3351 11
543 3302 554 3369 ΙΙ
567 3307 599 3356 16
618 3306 683 3368 quia
694 3306 717 3353 A
729 3305 762 3353 W
771 3305 846 3360 Bert.
858 3320 872 3354 r
885 3303 933 3370 (?):
953 3307 1003 3370 qui
1019 3307 1041 3355 B
1054 3308 1106 3357 Vn

134 3367 206 3431 quod
223 3382 249 3416 m
264 3367 268 3432 Ι
283 3367 412 3418 ferociter
424 3370 457 3418 W
471 3369 476 3435 Ι
492 3373 582 3422 stulta
594 3385 618 3419 w
630 3385 660 3421 u:
680 3371 765 3423 stalla
779 3371 833 3422 ΑΒ
847 3372 868 3420 V
880 3387 894 3422 r
912 3372 999 3424 stulta
1017 3375 1106 3427 stulta

133 3446 173 3492 ηις
191 3449 225 3482 an
242 3434 332 3485 rulla?
350 3437 385 3500 of.
405 3452 466 3489 mus.
486 3438 566 3489 Rhea.
586 3438 678 3488 XVII
695 3442 752 3499 469,
771 3440 873 3489 XXIV
891 3439 1105 3506 3311118116-

135 3500 197 3549 oaei
215 3513 243 3564 ςτ
263 3500 392 3553 efficacia
411 3502 463 3568 (uel
479 3507 542 3569 tia)
560 3509 588 3554 li
