2406 4012
133 213 174 278 62
456 217 478 267 I.
512 217 542 267 C.
561 217 678 269 PLINII
695 215 775 268 PAN.

132 366 325 431 utilitatibus
348 369 380 430 et
400 367 577 450 insurgere.
616 386 727 429 omnes
749 367 825 428 ante
846 368 879 429 te
902 366 1016 432 eadem
1039 369 1114 435 ista

134 452 292 533 dixerunt,
315 451 436 514 nemini
458 455 565 514 tamen
589 453 664 513 ante
686 453 718 513 te
742 449 896 513 creditum
918 454 976 516 est.
1009 459 1142 520 erant-

134 538 192 601 sub
215 536 315 601 oculis
336 534 508 618 naufragia
529 533 711 617 multorum,
734 555 812 616 quos
834 534 992 599 insidiosa
1014 540 1107 604 tran·

134 620 291 705 quillitate
334 622 502 702 prouectus
543 618 737 701 improuisus
779 618 873 682 turbo
909 621 1111 702 perculerat.

107 706 218 789 squod
241 703 326 767 enim
347 705 414 766 tam
435 703 569 766 infidum
591 723 677 766 mare
700 723 796 785 quarn
812 702 992 768 blanditiae
1014 708 1105 789 prin-

134 790 241 871 cipum
263 787 405 870 illorum,
434 788 548 871 quibus
570 790 663 850 tanta
683 787 797 850 leuitas
839 790 931 852 tanta
952 790 1045 854 fraus
1068 796 1107 857 ut

134 873 275 936 securius
298 875 382 936 esset
402 873 502 936 iratos
524 893 619 956 quam
633 871 790 955 propitios
804 837 945 936 babere?
969 878 1003 938 te
1026 897 1106 941 uero

134 957 236 1022 securi
269 961 302 1022 et
329 958 450 1021 alacres
481 978 544 1040 quo
570 977 664 1020 uocas
695 955 864 1038 sequimur.
909 957 1001 1021 iubes
1033 980 1107 1025 esse

133 1042 267 1108 liberos:
305 1043 437 1126 erimus3
481 1042 570 1105 iubes
598 1061 678 1124 quae
705 1040 862 1103 sentimus
889 1063 1038 1125 promere
1069 1045 1106 1108 in

97 1145 121 1183 10
134 1127 289 1192 medium:
326 1126 534 1207 proferemus.
584 1146 687 1208 neque
715 1125 802 1187 enim
836 1123 940 1190 adhue
968 1127 1107 1211 ignauia

135 1211 270 1295 quadam
292 1213 324 1272 et
345 1209 445 1273 insito
467 1213 595 1292 torpore
618 1208 827 1272 cessauimus:
855 1211 959 1273 terror
981 1214 1015 1275 et
1037 1234 1105 1277 me·

134 1301 185 1359 tus
214 1297 245 1358 et
266 1294 383 1356 misera
406 1291 462 1356 illa
489 1314 528 1356 ex
549 1293 699 1377 periculis
726 1293 813 1357 facta
834 1294 1008 1375 prudentia
1034 1318 1107 1362 mo-

134 1380 233 1444 nebat
259 1381 294 1442 00
322 1400 341 1441 0
367 1398 402 1440 re
429 1377 559 1461 publiea
591 1377 718 1463 (aberat
747 1380 855 1440 autem
889 1379 1022 1443 omnino
1051 1403 1106 1446 res

134 1463 276 1548 publica)
301 1461 409 1526 oculos
432 1483 524 1525 aures
543 1463 668 1526 animos
690 1464 912 1525 euerteremus.
958 1466 993 1527 00
1015 1485 1110 1530 nunc¹

97 1567 121 1606 15
135 1553 190 1612 tua
210 1547 340 1610 dextera
358 1546 484 1630 tuisque
498 1546 664 1630 promissis
678 1546 754 1609 freti
775 1549 807 1609 et
821 1546 924 1610 innixi
945 1547 1106 1632 obsaepta

136 1633 259 1697 diutina
274 1632 428 1696 seruitute
444 1653 500 1695 ora
514 1653 690 1696 reseramus
704 1631 926 1713 frenatamque
941 1635 993 1696 tot
1009 1634 1110 1698 malis

135 1719 278 1801 linguam
300 1717 498 1780 resoluimus.
536 1717 586 1780 uis
609 1716 695 1780 enim
716 1714 797 1778 tales
820 1735 888 1778 esse
910 1736 968 1779 nos
991 1719 1105 1800 quales

134 1802 224 1865 iubes
231 1850 240 1882 ‚
269 1800 411 1882 nihilque
439 1799 715 1864 exhortationibus
742 1799 806 1862 tuis
832 1799 989 1882 fucatum,
1019 1800 1106 1866 nihil

136 1884 314 1964 subdolum,
336 1884 418 1947 uitii
432 1884 567 1966 denique
585 1883 670 1967 quod
686 1883 868 1946 credentem
882 1882 994 1948 fallere
1009 1890 1108 1969 paret

97 1989 202 2033 eonon
223 1967 292 2029 sine
314 1967 455 2048 periculo
469 1968 621 2031 fallentis.
649 1988 752 2051 neque
775 1967 860 2031 enim
882 1989 1035 2051 umquam
1050 1971 1106 2034 de-

135 2055 244 2135 ceptus
268 2053 315 2113 est
337 2051 485 2135 princeps
507 2052 570 2114 nisi
592 2053 646 2137 qui
667 2052 756 2134 prius
777 2051 846 2133 ipse
870 2052 1006 2136 decepit.

198 2133 329 2199 LXVII.
373 2134 531 2218 Equidem
553 2135 639 2201 hunc
661 2136 803 2219 parentis
825 2136 947 2219 publici
970 2159 1106 2203 sensum

135 2243 208 2285 cum
234 2219 440 2284 exoratione
468 2220 534 2284 eius
556 2224 625 2284 tum
646 2219 909 2304 pronuntiatione
936 2221 1009 2304 ipsa
1031 2244 1106 2304 per-

135 2307 275 2391 spexisse
296 2304 415 2369 uideor.
460 2327 540 2389 quae
562 2306 648 2370 enirn
676 2305 732 2368 illa
754 2305 898 2386 grauitas
926 2307 1106 2371 sententia-

96 2413 121 2453 as
134 2392 221 2455 rum!
249 2412 344 2475 quam
365 2389 552 2455 inaffectata
574 2391 693 2454 ueritas
715 2389 900 2453 uerborum!
930 2392 998 2453 tum
1020 2412 1106 2474 quae

135 2476 332 2540 adseueratio
347 2475 382 2537 in
398 2478 490 2539 uoce!
514 2498 593 2558 quae
608 2473 780 2540 affirmatio
801 2472 836 2536 in
851 2472 959 2537 uultu!
979 2480 1106 2557 quanta

134 2562 168 2624 in
190 2561 300 2641 oculis,
322 2559 446 2636 habitu,
468 2564 572 2642 gestu,
599 2563 669 2623 toto
692 2557 828 2641 denique
851 2578 982 2641 corpore
1004 2559 1106 2625 fides!

133 2644 257 2707 tenebit
278 2663 355 2726 ergo
378 2663 503 2724 semper
518 2643 594 2725 quid
617 2643 753 2705 suaserit
769 2643 910 2725 scietque
932 2662 1000 2724 nos,
1025 2664 1106 2726 quo-

134 2727 218 2791 tiens
240 2727 422 2789 libertatem
444 2747 540 2808 quam
556 2726 644 2789 dedit
667 2726 875 2810 experiemur,
898 2726 958 2788 sibi
998 2747 1102 2792 arere.

96 2832 121 2871 so
134 2832 193 2874 nec
223 2809 397 2873 uerendum
426 2813 475 2874 est
507 2830 548 2872 ne
575 2810 723 2875 incautos
750 2812 857 2894 putet,
891 2810 919 2872 si
945 2748 1108 2876 fidelitate

201 3001 217 3050 2
235 3003 263 3049 te
281 2997 421 3064 0003101
439 3001 456 3048 4
473 2999 609 3064 profectos
628 3000 704 3065 Ousp.
717 2997 755 3065 117
770 2999 895 3048 000ονἰο0
907 3014 968 3062 epo:
988 2997 1104 3051 facilius

133 3072 160 3118 Η
178 3067 287 3120 felicius
305 3067 409 3131 Lipsius
427 3065 477 3132 110
495 3067 656 3130 proferimus
673 3081 700 3117 w
716 3080 868 3132 promemus
882 3065 1067 3116 Rittersbusius
1088 3064 1103 3133 11

134 3139 166 3187 12
185 3135 262 3187 facta
280 3135 489 3190 dei.Ernestius;
507 3138 589 3188 malim
606 3141 671 3186 nata
684 3133 694 3200 11
708 3137 739 3185 13
758 3135 853 3184 aberat
869 3135 978 3196 scripsi:
997 3139 1057 3184 erat
1074 3135 1104 3182 Μ

133 3203 209 3254 nulla
221 3209 312 3256 autem
324 3207 382 3254 erat
394 3217 410 3268 ς
429 3205 488 3252 erat
505 3208 598 3254 autem
610 3203 718 3254 omnino
731 3201 808 3252 nulla
825 3202 883 3253 edd.
897 3198 907 3264 11
921 3201 952 3250 15
970 3199 1101 3268 obsepta]

133 3273 231 3323 obsuto
248 3273 282 3326 N.
301 3273 423 3322 Heinsius
441 3270 569 3322 obserata
586 3272 722 3321 Ernestius
738 3266 748 3333 11
766 3271 798 3319 19
816 3267 886 3317 nihil
903 3269 963 3318 add.
982 3268 1102 3319 Keilias:

133 3356 180 3390 om.
199 3339 238 3400 Η,
255 3347 316 3403 post
333 3340 448 3403 denique
465 3340 526 3389 add.
545 3355 562 3405 ς
585 3337 595 3404 11
619 3341 652 3390 23
671 3354 705 3388 ex
723 3336 846 3386 oratione
864 3337 983 3400 Lipsius:
1004 3335 1104 3386 exhor-

133 3407 238 3456 tatione
256 3407 283 3453 Η
306 3405 311 3471 Ι
335 3413 393 3457 tum
415 3421 429 3455 e
452 3421 530 3470 pron.
555 3408 584 3457 G.
604 3407 639 3456 H.
660 3405 816 3465 Soiaeferus
839 3403 845 3466 1
869 3403 1041 3468 perspexisse
1060 3402 1102 3453 Si-

132 3474 257 3524 etardus:
280 3474 432 3539 respexisse
448 3474 475 3520 Η
496 3471 506 3538 11
527 3477 561 3524 25
583 3475 702 3525 uerborir
721 3478 778 3522 tum
799 3486 867 3536 quae
883 3471 991 3535 scripsi:
1015 3461 1103 3521 uerbo

132 3557 221 3592 rerum
239 3556 309 3606 quae
327 3544 368 3592 uel
384 3557 524 3607 rerumque
541 3542 568 3589 Μ
