<?xml version="1.0" encoding="UTF-8"?>
<!DOCTYPE html PUBLIC "-//W3C//DTD XHTML 1.0 Transitional//EN"
    "http://www.w3.org/TR/xhtml1/DTD/xhtml1-transitional.dtd">
<html xmlns="http://www.w3.org/1999/xhtml" xml:lang="en" lang="en">
 <head>
  <title>
</title>
<meta http-equiv="Content-Type" content="text/html;charset=utf-8" />
  <meta name='ocr-system' content='tesseract 3.04.00' />
  <meta name='ocr-capabilities' content='ocr_page ocr_carea ocr_par ocr_line ocrx_word'/>
</head>
<body>
  <div class='ocr_page' id='page_1' title='image "./xiipanegyricila01baehgoog_0264.png"; bbox 0 0 2406 4012; ppageno 0'>
   <div class='ocr_carea' id='block_1_1' title="bbox 261 105 1070 181">
    <p class='ocr_par' dir='ltr' id='par_1_1' title="bbox 261 105 1070 181">
     <span class='ocr_line' id='line_1_1' title="bbox 261 105 1070 181; baseline 0.001 -22"><span class='ocrx_word' id='word_1_1' title='bbox 261 106 532 181; x_wconf 28' lang='lat' dir='ltr'><strong>,consummo</strong></span> <span class='ocrx_word' id='word_1_2' title='bbox 554 106 724 158; x_wconf 82' lang='lat' dir='ltr'>AUGUSTO</span> <span class='ocrx_word' id='word_1_3' title='bbox 743 109 777 157; x_wconf 91' lang='lat' dir='ltr'><strong>D.</strong></span> <span class='ocrx_word' id='word_1_4' title='bbox 796 109 906 158; x_wconf 76' lang='lat'><strong>22-25.</strong></span> <span class='ocrx_word' id='word_1_5' title='bbox 1008 105 1070 170; x_wconf 81' lang='grc'><strong>231</strong></span> 
     </span>
    </p>
   </div>
   <div class='ocr_carea' id='block_1_2' title="bbox 96 254 1111 2699">
    <p class='ocr_par' dir='ltr' id='par_1_2' title="bbox 96 254 1111 2699">
     <span class='ocr_line' id='line_1_2' title="bbox 98 254 1068 343; baseline -0.003 -21"><span class='ocrx_word' id='word_1_6' title='bbox 98 262 213 343; x_wconf 91' lang='lat' dir='ltr'><strong>petum</strong></span> <span class='ocrx_word' id='word_1_7' title='bbox 226 256 329 321; x_wconf 91' lang='lat' dir='ltr'><strong>hostis</strong></span> <span class='ocrx_word' id='word_1_8' title='bbox 345 254 489 338; x_wconf 78' lang='lat' dir='ltr'><strong>effundiS,</strong></span> <span class='ocrx_word' id='word_1_9' title='bbox 505 254 579 319; x_wconf 91' lang='lat' dir='ltr'><strong>dein</strong></span> <span class='ocrx_word' id='word_1_10' title='bbox 594 275 672 338; x_wconf 89' lang='lat' dir='ltr'><strong>quos</strong></span> <span class='ocrx_word' id='word_1_11' title='bbox 684 254 876 318; x_wconf 89' lang='lat' dir='ltr'><strong>ludificando</strong></span> <span class='ocrx_word' id='word_1_12' title='bbox 892 276 1068 339; x_wconf 81' lang='lat' dir='ltr'><strong>receperas,</strong></span> 
     </span>
     <span class='ocr_line' id='line_1_3' title="bbox 99 338 1069 425; baseline -0.004 -18"><span class='ocrx_word' id='word_1_13' title='bbox 99 342 242 407; x_wconf 86' lang='lat' dir='ltr'><strong>reductis</strong></span> <span class='ocrx_word' id='word_1_14' title='bbox 278 340 461 425; x_wconf 79' lang='lat' dir='ltr'><strong>agminibus</strong></span> <span class='ocrx_word' id='word_1_15' title='bbox 497 339 644 403; x_wconf 86' lang='lat' dir='ltr'><strong>includis.</strong></span> <span class='ocrx_word' id='word_1_16' title='bbox 689 339 737 402; x_wconf 91' lang='lat' dir='ltr'><strong>nil</strong></span> <span class='ocrx_word' id='word_1_17' title='bbox 772 338 924 422; x_wconf 87' lang='lat' dir='ltr'><strong>proderat</strong></span> <span class='ocrx_word' id='word_1_18' title='bbox 958 343 1069 403; x_wconf 79' lang='lat' dir='ltr'><strong>contm</strong></span> 
     </span>
     <span class='ocr_line' id='line_1_4' title="bbox 99 423 1071 509; baseline -0.004 -18"><span class='ocrx_word' id='word_1_19' title='bbox 99 427 247 509; x_wconf 81' lang='lat' dir='ltr'><strong>tendere,</strong></span> <span class='ocrx_word' id='word_1_20' title='bbox 277 445 349 488; x_wconf 88' lang='lat' dir='ltr'><strong>cum</strong></span> <span class='ocrx_word' id='word_1_21' title='bbox 375 445 414 487; x_wconf 84' lang='lat' dir='ltr'><strong>ex</strong></span> <span class='ocrx_word' id='word_1_22' title='bbox 435 423 595 487; x_wconf 87' lang='lat' dir='ltr'><strong>industria</strong></span> <span class='ocrx_word' id='word_1_23' title='bbox 615 424 664 487; x_wconf 90' lang='lat' dir='ltr'><strong>tui</strong></span> <span class='ocrx_word' id='word_1_24' title='bbox 687 425 844 487; x_wconf 87' lang='lat' dir='ltr'><strong>cederent.</strong></span> <span class='ocrx_word' id='word_1_25' title='bbox 889 424 1006 487; x_wconf 85' lang='lat' dir='ltr'><strong>flexum</strong></span> <span class='ocrx_word' id='word_1_26' title='bbox 1031 424 1071 487; x_wconf 89' lang='lat' dir='ltr'><strong>ad</strong></span> 
     </span>
     <span class='ocr_line' id='line_1_5' title="bbox 99 508 1072 594; baseline -0.003 -19"><span class='ocrx_word' id='word_1_27' title='bbox 99 508 334 594; x_wconf 86' lang='lat' dir='ltr'><strong>insequendum</strong></span> <span class='ocrx_word' id='word_1_28' title='bbox 349 508 471 572; x_wconf 84' lang='lat' dir='ltr'><strong>ferreus</strong></span> <span class='ocrx_word' id='word_1_29' title='bbox 493 509 581 591; x_wconf 88' lang='lat' dir='ltr'><strong>rigor</strong></span> <span class='ocrx_word' id='word_1_30' title='bbox 596 528 662 571; x_wconf 94' lang='lat' dir='ltr'><strong>non</strong></span> <span class='ocrx_word' id='word_1_31' title='bbox 677 508 784 571; x_wconf 89' lang='lat' dir='ltr'><strong>dabat.</strong></span> <span class='ocrx_word' id='word_1_32' title='bbox 814 508 860 571; x_wconf 91' lang='lat' dir='ltr'><strong>ita</strong></span> <span class='ocrx_word' id='word_1_33' title='bbox 883 509 985 571; x_wconf 80' lang='lat' dir='ltr'><strong>nostri</strong></span> <span class='ocrx_word' id='word_1_34' title='bbox 1001 529 1072 591; x_wconf 89' lang='lat' dir='ltr'><strong>pro-</strong></span> 
     </span>
     <span class='ocr_line' id='line_1_6' title="bbox 100 592 1097 675; baseline -0.008 -16"><span class='ocrx_word' id='word_1_35' title='bbox 100 595 187 659; x_wconf 90' lang='lat' dir='ltr'><strong>ditos</strong></span> <span class='ocrx_word' id='word_1_36' title='bbox 210 594 272 656; x_wconf 91' lang='lat' dir='ltr'><strong>sibi</strong></span> <span class='ocrx_word' id='word_1_37' title='bbox 295 593 396 657; x_wconf 86' lang='lat' dir='ltr'><strong>clauis</strong></span> <span class='ocrx_word' id='word_1_38' title='bbox 419 592 621 675; x_wconf 87' lang='lat' dir='ltr'><strong>adoriuntur,</strong></span> <span class='ocrx_word' id='word_1_39' title='bbox 650 613 730 675; x_wconf 91' lang='lat' dir='ltr'><strong>quae</strong></span> <span class='ocrx_word' id='word_1_40' title='bbox 752 592 906 675; x_wconf 85' lang='lat' dir='ltr'><strong>grauibus</strong></span> <span class='ocrx_word' id='word_1_41' title='bbox 927 593 1097 657; x_wconf 84' lang='lat' dir='ltr'><strong>ferratis-s</strong></span> 
     </span>
     <span class='ocr_line' id='line_1_7' title="bbox 121 675 1072 758; baseline -0.001 -15"><span class='ocrx_word' id='word_1_42' title='bbox 121 701 163 743; x_wconf 87' lang='lat' dir='ltr'><strong>ue</strong></span> <span class='ocrx_word' id='word_1_43' title='bbox 191 677 286 741; x_wconf 90' lang='lat' dir='ltr'><strong>nodis</strong></span> <span class='ocrx_word' id='word_1_44' title='bbox 313 675 440 741; x_wconf 89' lang='lat' dir='ltr'><strong>hostem</strong></span> <span class='ocrx_word' id='word_1_45' title='bbox 467 677 593 740; x_wconf 90' lang='lat' dir='ltr'><strong>uulneri</strong></span> <span class='ocrx_word' id='word_1_46' title='bbox 623 696 690 739; x_wconf 93' lang='lat' dir='ltr'><strong>non</strong></span> <span class='ocrx_word' id='word_1_47' title='bbox 717 680 882 758; x_wconf 87' lang='lat' dir='ltr'><strong>patentem</strong></span> <span class='ocrx_word' id='word_1_48' title='bbox 912 678 1072 742; x_wconf 86' lang='lat' dir='ltr'><strong>caedendo</strong></span> 
     </span>
     <span class='ocr_line' id='line_1_8' title="bbox 97 701 1072 846; baseline -0.001 -19"><span class='ocrx_word' id='word_1_49' title='bbox 97 701 323 846; x_wconf 69' lang='lat' dir='ltr'><strong>lefatigabant</strong></span> <span class='ocrx_word' id='word_1_50' title='bbox 351 781 388 825; x_wconf 87' lang='lat' dir='ltr'><strong>ac</strong></span> <span class='ocrx_word' id='word_1_51' title='bbox 415 761 553 825; x_wconf 86' lang='lat' dir='ltr'><strong>maxime</strong></span> <span class='ocrx_word' id='word_1_52' title='bbox 582 760 741 842; x_wconf 74' lang='lat' dir='ltr'><strong>capitibus</strong></span> <span class='ocrx_word' id='word_1_53' title='bbox 769 761 963 843; x_wconf 78' lang='lat' dir='ltr'><strong>applicatae,</strong></span> <span class='ocrx_word' id='word_1_54' title='bbox 992 784 1072 845; x_wconf 90' lang='lat' dir='ltr'><strong>quos</strong></span> 
     </span>
     <span class='ocr_line' id='line_1_9' title="bbox 97 843 1072 930; baseline -0.003 -18"><span class='ocrx_word' id='word_1_55' title='bbox 97 849 169 912; x_wconf 86' lang='lat' dir='ltr'><strong>ictu</strong></span> <span class='ocrx_word' id='word_1_56' title='bbox 189 846 472 930; x_wconf 83' lang='lat' dir='ltr'><strong>perturbauerant,</strong></span> <span class='ocrx_word' id='word_1_57' title='bbox 496 866 588 908; x_wconf 89' lang='lat' dir='ltr'><strong>ruere</strong></span> <span class='ocrx_word' id='word_1_58' title='bbox 610 843 778 928; x_wconf 86' lang='lat' dir='ltr'><strong>cogebant.</strong></span> <span class='ocrx_word' id='word_1_59' title='bbox 814 848 892 908; x_wconf 90' lang='lat' dir='ltr'><strong>tunc</strong></span> <span class='ocrx_word' id='word_1_60' title='bbox 912 846 959 908; x_wconf 89' lang='lat' dir='ltr'><strong>ire</strong></span> <span class='ocrx_word' id='word_1_61' title='bbox 981 868 1072 929; x_wconf 89' lang='lat' dir='ltr'><strong>prae-</strong></span> 
     </span>
     <span class='ocr_line' id='line_1_10' title="bbox 96 928 1110 1079; baseline -0.001 0"><span class='ocrx_word' id='word_1_62' title='bbox 96 928 957 1079; x_wconf 52' lang='lat' dir='ltr'><strong>lllll&#39;sllllalllllltellminilllxllffltallrlll</strong></span> <span class='ocrx_word' id='word_1_63' title='bbox 978 931 1073 1078; x_wconf 65' lang='lat' dir='ltr'><strong>tlt·</strong></span> <span class='ocrx_word' id='word_1_64' title='bbox 1085 1032 1110 1070; x_wconf 75' lang='lat'><strong>10</strong></span> 
     </span>
     <span class='ocr_line' id='line_1_11' title="bbox 97 1033 1073 1244; baseline -0.001 -81"><span class='ocrx_word' id='word_1_65' title='bbox 97 1097 252 1182; x_wconf 88' lang='lat' dir='ltr'><strong>impliciti</strong></span> <span class='ocrx_word' id='word_1_66' title='bbox 279 1099 398 1180; x_wconf 88' lang='lat' dir='ltr'><strong>iacere,</strong></span> <span class='ocrx_word' id='word_1_67' title='bbox 427 1098 481 1244; x_wconf 52' lang='lat' dir='ltr'><strong>‹pui</strong></span> <span class='ocrx_word' id='word_1_68' title='bbox 507 1035 634 1180; x_wconf 60' lang='lat' dir='ltr'><strong>reperii&gt;</strong></span> <span class='ocrx_word' id='word_1_69' title='bbox 664 1033 836 1160; x_wconf 71' lang='lat' dir='ltr'><strong>sauciandil</strong></span> <span class='ocrx_word' id='word_1_70' title='bbox 855 1097 925 1161; x_wconf 89' lang='lat' dir='ltr'><strong>loco</strong></span> <span class='ocrx_word' id='word_1_71' title='bbox 953 1099 1073 1181; x_wconf 85' lang='lat' dir='ltr'><strong>passim</strong></span> 
     </span>
     <span class='ocr_line' id='line_1_12' title="bbox 98 1179 1071 1266; baseline 0.001 -20"><span class='ocrx_word' id='word_1_72' title='bbox 98 1181 243 1266; x_wconf 83' lang='lat' dir='ltr'><strong>equitem</strong></span> <span class='ocrx_word' id='word_1_73' title='bbox 265 1182 378 1246; x_wconf 88' lang='lat' dir='ltr'><strong>effreni</strong></span> <span class='ocrx_word' id='word_1_74' title='bbox 400 1181 440 1245; x_wconf 92' lang='lat' dir='ltr'><strong>do</strong></span> <span class='ocrx_word' id='word_1_75' title='bbox 455 1202 509 1245; x_wconf 91' lang='lat' dir='ltr'><strong>ore</strong></span> <span class='ocrx_word' id='word_1_76' title='bbox 523 1179 712 1245; x_wconf 87' lang='lat' dir='ltr'><strong>fundebant.</strong></span> <span class='ocrx_word' id='word_1_77' title='bbox 742 1181 782 1244; x_wconf 90' lang='lat' dir='ltr'><strong>ad</strong></span> <span class='ocrx_word' id='word_1_78' title='bbox 803 1203 901 1245; x_wconf 87' lang='lat' dir='ltr'><strong>unum</strong></span> <span class='ocrx_word' id='word_1_79' title='bbox 924 1183 1071 1247; x_wconf 92' lang='lat' dir='ltr'><strong>omnibus</strong></span> 
     </span>
     <span class='ocr_line' id='line_1_13' title="bbox 97 1264 1072 1350; baseline 0.003 -21"><span class='ocrx_word' id='word_1_80' title='bbox 97 1266 281 1330; x_wconf 84' lang='lat' dir='ltr'><strong>interfectis</strong></span> <span class='ocrx_word' id='word_1_81' title='bbox 296 1265 452 1348; x_wconf 87' lang='lat' dir='ltr'><strong>hostibus,</strong></span> <span class='ocrx_word' id='word_1_82' title='bbox 475 1266 539 1329; x_wconf 88' lang='lat' dir='ltr'><strong>tuis</strong></span> <span class='ocrx_word' id='word_1_83' title='bbox 553 1266 701 1350; x_wconf 82' lang='lat' dir='ltr'><strong>integris,</strong></span> <span class='ocrx_word' id='word_1_84' title='bbox 725 1264 890 1330; x_wconf 88' lang='lat' dir='ltr'><strong>horrorem</strong></span> <span class='ocrx_word' id='word_1_85' title='bbox 913 1288 1072 1332; x_wconf 90' lang='lat' dir='ltr'><strong>armorum</strong></span> 
     </span>
     <span class='ocr_line' id='line_1_14' title="bbox 100 1350 1071 1434; baseline 0.002 -20"><span class='ocrx_word' id='word_1_86' title='bbox 100 1351 143 1414; x_wconf 84' lang='lat' dir='ltr'><strong>ad</strong></span> <span class='ocrx_word' id='word_1_87' title='bbox 166 1350 354 1414; x_wconf 87' lang='lat' dir='ltr'><strong>miraculum</strong></span> <span class='ocrx_word' id='word_1_88' title='bbox 383 1350 538 1415; x_wconf 87' lang='lat' dir='ltr'><strong>uictoriae</strong></span> <span class='ocrx_word' id='word_1_89' title='bbox 560 1351 810 1433; x_wconf 87' lang='lat' dir='ltr'><strong>transtulerunt,</strong></span> <span class='ocrx_word' id='word_1_90' title='bbox 839 1351 923 1434; x_wconf 89' lang='lat' dir='ltr'><strong>quod</strong></span> <span class='ocrx_word' id='word_1_91' title='bbox 946 1353 1000 1434; x_wconf 91' lang='lat' dir='ltr'><strong>qui</strong></span> <span class='ocrx_word' id='word_1_92' title='bbox 1022 1353 1071 1416; x_wconf 95' lang='lat' dir='ltr'><strong>in-</strong></span> 
     </span>
     <span class='ocr_line' id='line_1_15' title="bbox 98 1433 1110 1500; baseline -0.006 -2"><span class='ocrx_word' id='word_1_93' title='bbox 98 1434 319 1498; x_wconf 83' lang='lat' dir='ltr'><strong>nulnerabiles</strong></span> <span class='ocrx_word' id='word_1_94' title='bbox 341 1433 543 1499; x_wconf 85' lang='lat' dir='ltr'><strong>habebantur</strong></span> <span class='ocrx_word' id='word_1_95' title='bbox 569 1435 638 1497; x_wconf 90' lang='lat' dir='ltr'><strong>sine</strong></span> <span class='ocrx_word' id='word_1_96' title='bbox 660 1438 787 1497; x_wconf 90' lang='lat' dir='ltr'><strong>tuorum</strong></span> <span class='ocrx_word' id='word_1_97' title='bbox 816 1434 1001 1499; x_wconf 89' lang='lat' dir='ltr'><strong>uulneribus</strong></span> <span class='ocrx_word' id='word_1_98' title='bbox 1023 1437 1072 1500; x_wconf 92' lang='lat' dir='ltr'><strong>in·</strong></span> <span class='ocrx_word' id='word_1_99' title='bbox 1085 1452 1110 1493; x_wconf 77' lang='grc' dir='ltr'><strong>ιι</strong></span> 
     </span>
     <span class='ocr_line' id='line_1_16' title="bbox 98 1517 1073 1601; baseline 0 -18"><span class='ocrx_word' id='word_1_100' title='bbox 98 1519 263 1583; x_wconf 86' lang='lat' dir='ltr'><strong>terissent.</strong></span> <span class='ocrx_word' id='word_1_101' title='bbox 290 1518 477 1584; x_wconf 86' lang='lat' dir='ltr'><strong>Antoninus</strong></span> <span class='ocrx_word' id='word_1_102' title='bbox 499 1519 672 1601; x_wconf 88' lang='lat' dir='ltr'><strong>imperator</strong></span> <span class='ocrx_word' id='word_1_103' title='bbox 693 1517 728 1580; x_wconf 96' lang='lat' dir='ltr'><strong>in</strong></span> <span class='ocrx_word' id='word_1_104' title='bbox 751 1520 827 1599; x_wconf 84' lang='lat' dir='ltr'><strong>toga</strong></span> <span class='ocrx_word' id='word_1_105' title='bbox 848 1522 1017 1601; x_wconf 88' lang='lat' dir='ltr'><strong>praestans</strong></span> <span class='ocrx_word' id='word_1_106' title='bbox 1040 1523 1073 1583; x_wconf 90' lang='lat' dir='ltr'><strong>et</strong></span> 
     </span>
     <span class='ocr_line' id='line_1_17' title="bbox 98 1601 1072 1682; baseline -0.001 -15"><span class='ocrx_word' id='word_1_107' title='bbox 98 1624 170 1667; x_wconf 93' lang='lat' dir='ltr'><strong>non</strong></span> <span class='ocrx_word' id='word_1_108' title='bbox 191 1603 278 1667; x_wconf 89' lang='lat' dir='ltr'><strong>iners</strong></span> <span class='ocrx_word' id='word_1_109' title='bbox 299 1624 359 1668; x_wconf 87' lang='lat' dir='ltr'><strong>nec</strong></span> <span class='ocrx_word' id='word_1_110' title='bbox 380 1603 497 1666; x_wconf 85' lang='lat' dir='ltr'><strong>futtilis</strong></span> <span class='ocrx_word' id='word_1_111' title='bbox 518 1601 619 1682; x_wconf 93' lang='lat' dir='ltr'><strong>bello,</strong></span> <span class='ocrx_word' id='word_1_112' title='bbox 651 1622 723 1664; x_wconf 88' lang='lat' dir='ltr'><strong>cum</strong></span> <span class='ocrx_word' id='word_1_113' title='bbox 745 1601 914 1664; x_wconf 87' lang='lat' dir='ltr'><strong>aduersum</strong></span> <span class='ocrx_word' id='word_1_114' title='bbox 936 1602 1072 1666; x_wconf 88' lang='lat' dir='ltr'><strong>Parthos</strong></span> 
     </span>
     <span class='ocr_line' id='line_1_18' title="bbox 100 1684 1073 1771; baseline 0 -20"><span class='ocrx_word' id='word_1_115' title='bbox 100 1686 201 1752; x_wconf 86' lang='lat' dir='ltr'><strong>armis</strong></span> <span class='ocrx_word' id='word_1_116' title='bbox 233 1688 446 1771; x_wconf 84' lang='lat' dir='ltr'><strong>experiretur,</strong></span> <span class='ocrx_word' id='word_1_117' title='bbox 484 1686 562 1750; x_wconf 90' lang='lat' dir='ltr'><strong>uisis</strong></span> <span class='ocrx_word' id='word_1_118' title='bbox 596 1684 778 1748; x_wconf 85' lang='lat' dir='ltr'><strong>catafractis</strong></span> <span class='ocrx_word' id='word_1_119' title='bbox 810 1684 888 1749; x_wconf 90' lang='lat' dir='ltr'><strong>adeo</strong></span> <span class='ocrx_word' id='word_1_120' title='bbox 918 1688 1005 1751; x_wconf 87' lang='lat' dir='ltr'><strong>totus</strong></span> <span class='ocrx_word' id='word_1_121' title='bbox 1037 1688 1073 1752; x_wconf 92' lang='lat' dir='ltr'><strong>in</strong></span> 
     </span>
     <span class='ocr_line' id='line_1_19' title="bbox 99 1769 1072 1855; baseline 0 -20"><span class='ocrx_word' id='word_1_122' title='bbox 99 1775 224 1835; x_wconf 88' lang='lat' dir='ltr'><strong>metum</strong></span> <span class='ocrx_word' id='word_1_123' title='bbox 246 1772 336 1835; x_wconf 89' lang='lat' dir='ltr'><strong>uenit</strong></span> <span class='ocrx_word' id='word_1_124' title='bbox 364 1775 400 1835; x_wconf 90' lang='lat' dir='ltr'><strong>ut</strong></span> <span class='ocrx_word' id='word_1_125' title='bbox 420 1772 505 1835; x_wconf 89' lang='lat' dir='ltr'><strong>ultro</strong></span> <span class='ocrx_word' id='word_1_126' title='bbox 533 1769 572 1833; x_wconf 90' lang='lat' dir='ltr'><strong>ad</strong></span> <span class='ocrx_word' id='word_1_127' title='bbox 594 1791 703 1853; x_wconf 86' lang='lat' dir='ltr'><strong>regem</strong></span> <span class='ocrx_word' id='word_1_128' title='bbox 730 1769 962 1834; x_wconf 86' lang='lat' dir='ltr'><strong>conciliatrices</strong></span> <span class='ocrx_word' id='word_1_129' title='bbox 984 1771 1072 1855; x_wconf 87' lang='lat' dir='ltr'><strong>pacis</strong></span> 
     </span>
     <span class='ocr_line' id='line_1_20' title="bbox 99 1854 1111 1939; baseline 0 -19"><span class='ocrx_word' id='word_1_130' title='bbox 99 1856 227 1920; x_wconf 87' lang='lat' dir='ltr'><strong>litteras</strong></span> <span class='ocrx_word' id='word_1_131' title='bbox 250 1856 350 1919; x_wconf 87' lang='lat' dir='ltr'><strong>daret.</strong></span> <span class='ocrx_word' id='word_1_132' title='bbox 394 1877 472 1939; x_wconf 90' lang='lat' dir='ltr'><strong>quas</strong></span> <span class='ocrx_word' id='word_1_133' title='bbox 501 1877 573 1920; x_wconf 88' lang='lat' dir='ltr'><strong>cum</strong></span> <span class='ocrx_word' id='word_1_134' title='bbox 601 1875 656 1918; x_wconf 85' lang='lat' dir='ltr'><strong>rex</strong></span> <span class='ocrx_word' id='word_1_135' title='bbox 684 1854 873 1919; x_wconf 88' lang='lat' dir='ltr'><strong>immodicus</strong></span> <span class='ocrx_word' id='word_1_136' title='bbox 904 1855 1003 1919; x_wconf 85' lang='lat' dir='ltr'><strong>animi</strong></span> <span class='ocrx_word' id='word_1_137' title='bbox 1025 1878 1072 1920; x_wconf 90' lang='lat' dir='ltr'><strong>re·</strong></span> <span class='ocrx_word' id='word_1_138' title='bbox 1085 1873 1111 1912; x_wconf 67' lang='grc' dir='ltr'><strong>ιο</strong></span> 
     </span>
     <span class='ocr_line' id='line_1_21' title="bbox 101 1938 1071 2023; baseline 0.001 -19"><span class='ocrx_word' id='word_1_139' title='bbox 101 1940 251 2023; x_wconf 85' lang='lat' dir='ltr'><strong>spuisset,</strong></span> <span class='ocrx_word' id='word_1_140' title='bbox 273 1939 446 2004; x_wconf 88' lang='lat' dir='ltr'><strong>insolentia</strong></span> <span class='ocrx_word' id='word_1_141' title='bbox 466 1939 593 2022; x_wconf 91' lang='lat' dir='ltr'><strong>quidem</strong></span> <span class='ocrx_word' id='word_1_142' title='bbox 608 1939 735 2003; x_wconf 90' lang='lat' dir='ltr'><strong>barbari</strong></span> <span class='ocrx_word' id='word_1_143' title='bbox 752 1938 911 2004; x_wconf 89' lang='lat' dir='ltr'><strong>debellata</strong></span> <span class='ocrx_word' id='word_1_144' title='bbox 935 1945 993 2022; x_wconf 88' lang='lat' dir='ltr'><strong>est,</strong></span> <span class='ocrx_word' id='word_1_145' title='bbox 1016 1940 1071 2005; x_wconf 88' lang='lat' dir='ltr'><strong>sed</strong></span> 
     </span>
     <span class='ocr_line' id='line_1_22' title="bbox 100 2023 1073 2108; baseline 0.002 -21"><span class='ocrx_word' id='word_1_146' title='bbox 100 2025 299 2108; x_wconf 87' lang='lat' dir='ltr'><strong>patefactum</strong></span> <span class='ocrx_word' id='word_1_147' title='bbox 322 2027 370 2087; x_wconf 88' lang='lat' dir='ltr'><strong>est</strong></span> <span class='ocrx_word' id='word_1_148' title='bbox 383 2024 418 2087; x_wconf 91' lang='lat' dir='ltr'><strong>in</strong></span> <span class='ocrx_word' id='word_1_149' title='bbox 433 2023 484 2087; x_wconf 88' lang='lat' dir='ltr'><strong>his</strong></span> <span class='ocrx_word' id='word_1_150' title='bbox 504 2024 600 2087; x_wconf 87' lang='lat' dir='ltr'><strong>armis</strong></span> <span class='ocrx_word' id='word_1_151' title='bbox 615 2026 741 2088; x_wconf 89' lang='lat' dir='ltr'><strong>tantam</strong></span> <span class='ocrx_word' id='word_1_152' title='bbox 761 2024 865 2088; x_wconf 88' lang='lat' dir='ltr'><strong>inesse</strong></span> <span class='ocrx_word' id='word_1_153' title='bbox 885 2025 1073 2089; x_wconf 88' lang='lat' dir='ltr'><strong>uiolentiam</strong></span> 
     </span>
     <span class='ocr_line' id='line_1_23' title="bbox 99 2108 1070 2190; baseline 0 -18"><span class='ocrx_word' id='word_1_154' title='bbox 99 2109 225 2172; x_wconf 87' lang='lat' dir='ltr'><strong>utiam</strong></span> <span class='ocrx_word' id='word_1_155' title='bbox 254 2111 287 2173; x_wconf 89' lang='lat' dir='ltr'><strong>et</strong></span> <span class='ocrx_word' id='word_1_156' title='bbox 307 2108 484 2172; x_wconf 88' lang='lat' dir='ltr'><strong>uincendus</strong></span> <span class='ocrx_word' id='word_1_157' title='bbox 506 2108 618 2172; x_wconf 87' lang='lat' dir='ltr'><strong>fideret</strong></span> <span class='ocrx_word' id='word_1_158' title='bbox 647 2111 678 2172; x_wconf 86' lang='lat' dir='ltr'><strong>et</strong></span> <span class='ocrx_word' id='word_1_159' title='bbox 704 2112 910 2190; x_wconf 87' lang='lat' dir='ltr'><strong>superaturus</strong></span> <span class='ocrx_word' id='word_1_160' title='bbox 933 2111 1070 2173; x_wconf 86' lang='lat' dir='ltr'><strong>timeret.</strong></span> 
     </span>
     <span class='ocr_line' id='line_1_24' title="bbox 166 2191 1072 2277; baseline 0.001 -22"><span class='ocrx_word' id='word_1_161' title='bbox 166 2191 268 2255; x_wconf 89' lang='lat' dir='ltr'>XXV.</span> <span class='ocrx_word' id='word_1_162' title='bbox 299 2192 381 2267; x_wconf 79' lang='lat' dir='ltr'><strong>Quid</strong></span> <span class='ocrx_word' id='word_1_163' title='bbox 403 2214 464 2277; x_wconf 85' lang='lat' dir='ltr'><strong>ego</strong></span> <span class='ocrx_word' id='word_1_164' title='bbox 483 2192 620 2256; x_wconf 86' lang='lat' dir='ltr'><strong>referam</strong></span> <span class='ocrx_word' id='word_1_165' title='bbox 635 2194 708 2275; x_wconf 90' lang='lat' dir='ltr'><strong>post</strong></span> <span class='ocrx_word' id='word_1_166' title='bbox 721 2194 847 2254; x_wconf 88' lang='lat' dir='ltr'><strong>tantam</strong></span> <span class='ocrx_word' id='word_1_167' title='bbox 869 2196 902 2255; x_wconf 82' lang='lat' dir='ltr'><strong>et</strong></span> <span class='ocrx_word' id='word_1_168' title='bbox 916 2196 982 2257; x_wconf 91' lang='lat' dir='ltr'><strong>tam</strong></span> <span class='ocrx_word' id='word_1_169' title='bbox 1000 2214 1072 2276; x_wconf 85' lang='lat' dir='ltr'><strong>gra·</strong></span> 
     </span>
     <span class='ocr_line' id='line_1_25' title="bbox 99 2274 1111 2362; baseline -0.006 -22"><span class='ocrx_word' id='word_1_170' title='bbox 99 2297 176 2340; x_wconf 87' lang='lat' dir='ltr'><strong>uem</strong></span> <span class='ocrx_word' id='word_1_171' title='bbox 197 2298 340 2362; x_wconf 82' lang='lat' dir='ltr'><strong>pugnam</strong></span> <span class='ocrx_word' id='word_1_172' title='bbox 363 2277 449 2360; x_wconf 90' lang='lat' dir='ltr'><strong>quod</strong></span> <span class='ocrx_word' id='word_1_173' title='bbox 470 2278 548 2359; x_wconf 90' lang='lat' dir='ltr'><strong>aput</strong></span> <span class='ocrx_word' id='word_1_174' title='bbox 564 2274 709 2338; x_wconf 88' lang='lat' dir='ltr'><strong>Brixiam</strong></span> <span class='ocrx_word' id='word_1_175' title='bbox 729 2297 867 2359; x_wconf 84' lang='lat' dir='ltr'><strong>magnus</strong></span> <span class='ocrx_word' id='word_1_176' title='bbox 911 2276 1017 2340; x_wconf 88' lang='lat' dir='ltr'><strong>uidem</strong></span> <span class='ocrx_word' id='word_1_177' title='bbox 1040 2280 1072 2340; x_wconf 88' lang='lat' dir='ltr'><strong>et</strong></span> <span class='ocrx_word' id='word_1_178' title='bbox 1085 2292 1111 2334; x_wconf 76' lang='lat' dir='ltr'><strong>aa</strong></span> 
     </span>
     <span class='ocr_line' id='line_1_26' title="bbox 99 2297 1072 2444; baseline 0.001 -19"><span class='ocrx_word' id='word_1_179' title='bbox 99 2381 175 2425; x_wconf 84' lang='lat' dir='ltr'><strong>acer</strong></span> <span class='ocrx_word' id='word_1_180' title='bbox 194 2362 362 2444; x_wconf 86' lang='lat' dir='ltr'><strong>equitatus,</strong></span> <span class='ocrx_word' id='word_1_181' title='bbox 386 2362 441 2425; x_wconf 88' lang='lat' dir='ltr'><strong>sed</strong></span> <span class='ocrx_word' id='word_1_182' title='bbox 455 2362 535 2444; x_wconf 86' lang='lat' dir='ltr'><strong>fuga</strong></span> <span class='ocrx_word' id='word_1_183' title='bbox 550 2381 646 2443; x_wconf 91' lang='lat' dir='ltr'><strong>quam</strong></span> <span class='ocrx_word' id='word_1_184' title='bbox 663 2361 696 2423; x_wconf 94' lang='lat' dir='ltr'><strong>ui</strong></span> <span class='ocrx_word' id='word_1_185' title='bbox 711 2381 768 2423; x_wconf 90' lang='lat' dir='ltr'><strong>sua</strong></span> <span class='ocrx_word' id='word_1_186' title='bbox 782 2360 881 2423; x_wconf 88' lang='lat' dir='ltr'><strong>tutior</strong></span> <span class='ocrx_word' id='word_1_187' title='bbox 890 2297 951 2444; x_wconf 68' lang='lat' dir='ltr'><strong>let]</strong></span> <span class='ocrx_word' id='word_1_188' title='bbox 968 2361 1072 2444; x_wconf 88' lang='lat' dir='ltr'><strong>primo</strong></span> 
     </span>
     <span class='ocr_line' id='line_1_27' title="bbox 100 2443 1071 2529; baseline 0 -20"><span class='ocrx_word' id='word_1_189' title='bbox 100 2447 225 2529; x_wconf 87' lang='lat' dir='ltr'><strong>impetu</strong></span> <span class='ocrx_word' id='word_1_190' title='bbox 241 2450 296 2509; x_wconf 90' lang='lat' dir='ltr'><strong>tuo</strong></span> <span class='ocrx_word' id='word_1_191' title='bbox 312 2446 423 2529; x_wconf 90' lang='lat' dir='ltr'><strong>pulsus</strong></span> <span class='ocrx_word' id='word_1_192' title='bbox 433 2443 596 2509; x_wconf 87' lang='lat' dir='ltr'><strong>Ueronam</strong></span> <span class='ocrx_word' id='word_1_193' title='bbox 618 2465 717 2527; x_wconf 84' lang='lat' dir='ltr'><strong>usque</strong></span> <span class='ocrx_word' id='word_1_194' title='bbox 738 2443 905 2508; x_wconf 87' lang='lat' dir='ltr'><strong>contendit</strong></span> <span class='ocrx_word' id='word_1_195' title='bbox 927 2445 965 2508; x_wconf 90' lang='lat' dir='ltr'><strong>ad</strong></span> <span class='ocrx_word' id='word_1_196' title='bbox 980 2467 1071 2529; x_wconf 88' lang='lat' dir='ltr'><strong>prae-</strong></span> 
     </span>
     <span class='ocr_line' id='line_1_28' title="bbox 101 2528 1073 2613; baseline 0.001 -19"><span class='ocrx_word' id='word_1_197' title='bbox 101 2529 186 2594; x_wconf 88' lang='lat' dir='ltr'><strong>sidia</strong></span> <span class='ocrx_word' id='word_1_198' title='bbox 207 2529 353 2594; x_wconf 78' lang='lat' dir='ltr'><strong>maiora?</strong></span> <span class='ocrx_word' id='word_1_199' title='bbox 380 2551 483 2613; x_wconf 88' lang='lat' dir='ltr'><strong>neque</strong></span> <span class='ocrx_word' id='word_1_200' title='bbox 505 2528 706 2594; x_wconf 89' lang='lat' dir='ltr'><strong>id.dedecori</strong></span> <span class='ocrx_word' id='word_1_201' title='bbox 727 2528 800 2612; x_wconf 90' lang='lat' dir='ltr'><strong>fuit,</strong></span> <span class='ocrx_word' id='word_1_202' title='bbox 822 2530 908 2613; x_wconf 90' lang='lat' dir='ltr'><strong>quod</strong></span> <span class='ocrx_word' id='word_1_203' title='bbox 929 2531 1073 2595; x_wconf 85' lang='lat' dir='ltr'><strong>excusati</strong></span> 
     </span>
     <span class='ocr_line' id='line_1_29' title="bbox 100 2613 1072 2699; baseline 0.002 -21"><span class='ocrx_word' id='word_1_204' title='bbox 100 2614 234 2698; x_wconf 83' lang='lat' dir='ltr'><strong>fugiunt</strong></span> <span class='ocrx_word' id='word_1_205' title='bbox 262 2615 315 2698; x_wconf 91' lang='lat' dir='ltr'><strong>qui</strong></span> <span class='ocrx_word' id='word_1_206' title='bbox 337 2615 397 2678; x_wconf 91' lang='lat' dir='ltr'><strong>tibi</strong></span> <span class='ocrx_word' id='word_1_207' title='bbox 421 2613 548 2678; x_wconf 86' lang='lat' dir='ltr'><strong>cedunt.</strong></span> <span class='ocrx_word' id='word_1_208' title='bbox 595 2614 765 2699; x_wconf 83' lang='lat' dir='ltr'><strong>contingat</strong></span> <span class='ocrx_word' id='word_1_209' title='bbox 786 2616 864 2698; x_wconf 91' lang='lat' dir='ltr'><strong>quin</strong></span> <span class='ocrx_word' id='word_1_210' title='bbox 893 2616 990 2681; x_wconf 88' lang='lat' dir='ltr'><strong>immo</strong></span> <span class='ocrx_word' id='word_1_211' title='bbox 1014 2616 1072 2680; x_wconf 92' lang='lat' dir='ltr'><strong>mi·</strong></span> 
     </span>
    </p>
   </div>
   <div class='ocr_carea' id='block_1_3' title="bbox 99 2819 1073 3425">
    <p class='ocr_par' dir='ltr' id='par_1_3' title="bbox 99 2819 1073 3425">
     <span class='ocr_line' id='line_1_30' title="bbox 172 2819 1071 2885; baseline 0.004 -17"><span class='ocrx_word' id='word_1_212' title='bbox 172 2821 186 2868; x_wconf 95' lang='lat'>1</span> <span class='ocrx_word' id='word_1_213' title='bbox 200 2819 294 2871; x_wconf 81' lang='lat' dir='ltr'><strong>hostes</strong></span> <span class='ocrx_word' id='word_1_214' title='bbox 308 2822 328 2869; x_wconf 78' lang='lat' dir='ltr'>A</span> <span class='ocrx_word' id='word_1_215' title='bbox 341 2822 374 2870; x_wconf 99' lang='lat' dir='ltr'>W</span> <span class='ocrx_word' id='word_1_216' title='bbox 390 2819 498 2870; x_wconf 90' lang='lat' dir='ltr'><strong>hostem</strong></span> <span class='ocrx_word' id='word_1_217' title='bbox 511 2822 533 2869; x_wconf 83' lang='lat' dir='ltr'>V</span> <span class='ocrx_word' id='word_1_218' title='bbox 549 2821 578 2870; x_wconf 93' lang='lat' dir='ltr'><strong>in</strong></span> <span class='ocrx_word' id='word_1_219' title='bbox 595 2820 690 2871; x_wconf 84' lang='lat' dir='ltr'><strong>hostes</strong></span> <span class='ocrx_word' id='word_1_220' title='bbox 702 2823 720 2869; x_wconf 74' lang='lat'><strong>0</strong></span> <span class='ocrx_word' id='word_1_221' title='bbox 735 2820 740 2885; x_wconf 96' lang='grc'>1</span> <span class='ocrx_word' id='word_1_222' title='bbox 756 2820 937 2872; x_wconf 82' lang='lat' dir='ltr'><strong>ludificandos</strong></span> <span class='ocrx_word' id='word_1_223' title='bbox 949 2824 985 2882; x_wconf 80' lang='lat'><strong>1,</strong></span> <span class='ocrx_word' id='word_1_224' title='bbox 1002 2838 1071 2873; x_wconf 81' lang='lat' dir='ltr'><strong>corr.</strong></span> 
     </span>
     <span class='ocr_line' id='line_1_31' title="bbox 101 2884 1072 2953; baseline 0.003 -18"><span class='ocrx_word' id='word_1_225' title='bbox 101 2887 237 2937; x_wconf 65' lang='lat' dir='ltr'><strong>Acidalia</strong></span> <span class='ocrx_word' id='word_1_226' title='bbox 253 2885 264 2952; x_wconf 89' lang='grc'>1</span> <span class='ocrx_word' id='word_1_227' title='bbox 285 2891 301 2938; x_wconf 79' lang='lat'><strong>3</strong></span> <span class='ocrx_word' id='word_1_228' title='bbox 320 2888 424 2937; x_wconf 88' lang='lat' dir='ltr'><strong>ereder.</strong></span> <span class='ocrx_word' id='word_1_229' title='bbox 442 2889 464 2935; x_wconf 95' lang='lat' dir='ltr'>A</span> <span class='ocrx_word' id='word_1_230' title='bbox 481 2886 491 2953; x_wconf 92' lang='grc'>1</span> <span class='ocrx_word' id='word_1_231' title='bbox 512 2890 527 2937; x_wconf 89' lang='grc'><strong>6</strong></span> <span class='ocrx_word' id='word_1_232' title='bbox 547 2889 684 2938; x_wconf 83' lang='lat' dir='ltr'><strong>credendo</strong></span> <span class='ocrx_word' id='word_1_233' title='bbox 702 2888 725 2936; x_wconf 93' lang='lat' dir='ltr'>A</span> <span class='ocrx_word' id='word_1_234' title='bbox 745 2884 755 2951; x_wconf 89' lang='grc'>1</span> <span class='ocrx_word' id='word_1_235' title='bbox 777 2891 792 2938; x_wconf 78' lang='grc'><strong>7</strong></span> <span class='ocrx_word' id='word_1_236' title='bbox 811 2887 954 2951; x_wconf 86' lang='lat' dir='ltr'><strong>applicate</strong></span> <span class='ocrx_word' id='word_1_237' title='bbox 972 2902 1010 2937; x_wconf 67' lang='lat' dir='ltr'><strong>wa</strong></span> <span class='ocrx_word' id='word_1_238' title='bbox 1030 2888 1072 2938; x_wconf 85' lang='lat' dir='ltr'><strong>af·</strong></span> 
     </span>
     <span class='ocr_line' id='line_1_32' title="bbox 100 2951 1071 3019; baseline 0.002 -16"><span class='ocrx_word' id='word_1_239' title='bbox 100 2953 196 3003; x_wconf 87' lang='lat' dir='ltr'><strong>flicate</strong></span> <span class='ocrx_word' id='word_1_240' title='bbox 214 2956 241 3002; x_wconf 78' lang='grc' dir='ltr'>Ι</span> <span class='ocrx_word' id='word_1_241' title='bbox 260 2956 412 3005; x_wconf 82' lang='lat' dir='ltr'><strong>afflictatae</strong></span> <span class='ocrx_word' id='word_1_242' title='bbox 431 2955 505 3005; x_wconf 83' lang='lat' dir='ltr'><strong>Bert.</strong></span> <span class='ocrx_word' id='word_1_243' title='bbox 527 2953 538 3019; x_wconf 93' lang='grc'><strong>11</strong></span> <span class='ocrx_word' id='word_1_244' title='bbox 561 2956 577 3004; x_wconf 89' lang='lat'>8</span> <span class='ocrx_word' id='word_1_245' title='bbox 596 2955 831 3019; x_wconf 77' lang='lat' dir='ltr'><strong>perturbaberunt</strong></span> <span class='ocrx_word' id='word_1_246' title='bbox 847 2954 870 3003; x_wconf 93' lang='lat' dir='ltr'>A</span> <span class='ocrx_word' id='word_1_247' title='bbox 890 2951 901 3018; x_wconf 95' lang='grc'><strong>11</strong></span> <span class='ocrx_word' id='word_1_248' title='bbox 924 2958 940 3005; x_wconf 88' lang='grc'>9</span> <span class='ocrx_word' id='word_1_249' title='bbox 959 2955 1071 3005; x_wconf 87' lang='lat' dir='ltr'><strong>recliuis</strong></span> 
     </span>
     <span class='ocr_line' id='line_1_33' title="bbox 99 3019 1071 3088; baseline -0.001 -19"><span class='ocrx_word' id='word_1_250' title='bbox 99 3022 125 3069; x_wconf 97' lang='lat' dir='ltr'>A</span> <span class='ocrx_word' id='word_1_251' title='bbox 142 3035 204 3071; x_wconf 89' lang='lat' dir='ltr'><strong>-ues</strong></span> <span class='ocrx_word' id='word_1_252' title='bbox 222 3022 272 3071; x_wconf 76' lang='lat' dir='ltr'><strong>BG</strong></span> <span class='ocrx_word' id='word_1_253' title='bbox 290 3038 352 3073; x_wconf 83' lang='lat' dir='ltr'><strong>·nes</strong></span> <span class='ocrx_word' id='word_1_254' title='bbox 370 3024 393 3070; x_wconf 79' lang='lat' dir='ltr'>V</span> <span class='ocrx_word' id='word_1_255' title='bbox 404 3023 438 3069; x_wconf 93' lang='lat' dir='ltr'>W</span> <span class='ocrx_word' id='word_1_256' title='bbox 458 3020 468 3088; x_wconf 95' lang='grc'><strong>11</strong></span> <span class='ocrx_word' id='word_1_257' title='bbox 491 3022 663 3073; x_wconf 68' lang='lat' dir='ltr'><strong>nomnibus</strong></span> <span class='ocrx_word' id='word_1_258' title='bbox 681 3020 883 3071; x_wconf 78' lang='lat' dir='ltr'><strong>Bert.:om.1</strong></span> <span class='ocrx_word' id='word_1_259' title='bbox 903 3019 913 3085; x_wconf 96' lang='grc'><strong>11</strong></span> <span class='ocrx_word' id='word_1_260' title='bbox 936 3024 967 3071; x_wconf 88' lang='grc'><strong>13</strong></span> <span class='ocrx_word' id='word_1_261' title='bbox 986 3020 1071 3071; x_wconf 88' lang='lat' dir='ltr'><strong>hosti-</strong></span> 
     </span>
     <span class='ocr_line' id='line_1_34' title="bbox 99 3084 1069 3154; baseline -0.004 -15"><span class='ocrx_word' id='word_1_262' title='bbox 99 3090 153 3139; x_wconf 87' lang='lat' dir='ltr'><strong>bus</strong></span> <span class='ocrx_word' id='word_1_263' title='bbox 170 3091 278 3154; x_wconf 70' lang='lat' dir='ltr'><strong>ecrr‘psi:</strong></span> <span class='ocrx_word' id='word_1_264' title='bbox 297 3091 423 3140; x_wconf 84' lang='lat' dir='ltr'><strong>omnibus</strong></span> <span class='ocrx_word' id='word_1_265' title='bbox 440 3092 468 3138; x_wconf 76' lang='grc' dir='ltr'>Η</span> <span class='ocrx_word' id='word_1_266' title='bbox 486 3087 580 3153; x_wconf 73' lang='lat' dir='ltr'><strong>(Bert,</strong></span> <span class='ocrx_word' id='word_1_267' title='bbox 598 3084 707 3152; x_wconf 81' lang='lat' dir='ltr'><strong>ataid.)</strong></span> <span class='ocrx_word' id='word_1_268' title='bbox 725 3085 735 3152; x_wconf 94' lang='grc'>1</span> <span class='ocrx_word' id='word_1_269' title='bbox 759 3089 790 3137; x_wconf 88' lang='grc'><strong>16</strong></span> <span class='ocrx_word' id='word_1_270' title='bbox 808 3088 945 3138; x_wconf 88' lang='lat' dir='ltr'><strong>Antonius</strong></span> <span class='ocrx_word' id='word_1_271' title='bbox 963 3088 996 3135; x_wconf 91' lang='lat' dir='ltr'>W</span> <span class='ocrx_word' id='word_1_272' title='bbox 1012 3101 1038 3135; x_wconf 90' lang='lat' dir='ltr'><strong>m</strong></span> <span class='ocrx_word' id='word_1_273' title='bbox 1057 3085 1069 3153; x_wconf 92' lang='grc'><strong>11</strong></span> 
     </span>
     <span class='ocr_line' id='line_1_35' title="bbox 103 3153 1073 3222; baseline 0 -17"><span class='ocrx_word' id='word_1_274' title='bbox 103 3159 136 3206; x_wconf 77' lang='grc'><strong>17</strong></span> <span class='ocrx_word' id='word_1_275' title='bbox 153 3155 284 3208; x_wconf 82' lang='lat' dir='ltr'><strong>aduersus</strong></span> <span class='ocrx_word' id='word_1_276' title='bbox 300 3160 334 3206; x_wconf 93' lang='lat' dir='ltr'>W</span> <span class='ocrx_word' id='word_1_277' title='bbox 350 3156 361 3222; x_wconf 91' lang='lat' dir='ltr'><strong>l</strong></span> <span class='ocrx_word' id='word_1_278' title='bbox 381 3159 413 3208; x_wconf 85' lang='grc'><strong>19</strong></span> <span class='ocrx_word' id='word_1_279' title='bbox 431 3157 466 3206; x_wconf 82' lang='lat' dir='ltr'><strong>ad</strong></span> <span class='ocrx_word' id='word_1_280' title='bbox 484 3159 566 3208; x_wconf 86' lang='lat' dir='ltr'><strong>om.A</strong></span> <span class='ocrx_word' id='word_1_281' title='bbox 583 3154 593 3220; x_wconf 89' lang='grc'>1</span> <span class='ocrx_word' id='word_1_282' title='bbox 610 3158 642 3207; x_wconf 78' lang='lat'><strong>23</strong></span> <span class='ocrx_word' id='word_1_283' title='bbox 661 3160 716 3206; x_wconf 88' lang='lat' dir='ltr'><strong>iam</strong></span> <span class='ocrx_word' id='word_1_284' title='bbox 734 3171 796 3219; x_wconf 80' lang='lat' dir='ltr'><strong>epo:</strong></span> <span class='ocrx_word' id='word_1_285' title='bbox 815 3170 874 3206; x_wconf 85' lang='lat' dir='ltr'><strong>eam</strong></span> <span class='ocrx_word' id='word_1_286' title='bbox 890 3155 918 3204; x_wconf 77' lang='lat'>1</span> <span class='ocrx_word' id='word_1_287' title='bbox 933 3153 937 3220; x_wconf 94' lang='grc'>1</span> <span class='ocrx_word' id='word_1_288' title='bbox 955 3159 983 3204; x_wconf 87' lang='lat' dir='ltr'><strong>et</strong></span> <span class='ocrx_word' id='word_1_289' title='bbox 998 3157 1073 3219; x_wconf 78' lang='lat' dir='ltr'><strong>prius</strong></span> 
     </span>
     <span class='ocr_line' id='line_1_36' title="bbox 100 3221 1072 3289; baseline -0.001 -18"><span class='ocrx_word' id='word_1_290' title='bbox 100 3222 125 3271; x_wconf 94' lang='lat' dir='ltr'>A</span> <span class='ocrx_word' id='word_1_291' title='bbox 142 3222 234 3273; x_wconf 73' lang='lat' dir='ltr'><strong>Baro:</strong></span> <span class='ocrx_word' id='word_1_292' title='bbox 255 3241 301 3275; x_wconf 87' lang='lat' dir='ltr'><strong>om.</strong></span> <span class='ocrx_word' id='word_1_293' title='bbox 319 3225 340 3273; x_wconf 76' lang='lat' dir='ltr'>B</span> <span class='ocrx_word' id='word_1_294' title='bbox 358 3227 376 3273; x_wconf 79' lang='lat'><strong>0</strong></span> <span class='ocrx_word' id='word_1_295' title='bbox 394 3225 416 3272; x_wconf 81' lang='lat' dir='ltr'>V</span> <span class='ocrx_word' id='word_1_296' title='bbox 433 3224 466 3271; x_wconf 91' lang='lat' dir='ltr'>W</span> <span class='ocrx_word' id='word_1_297' title='bbox 489 3221 499 3289; x_wconf 92' lang='lat' dir='ltr'><strong>l</strong></span> <span class='ocrx_word' id='word_1_298' title='bbox 523 3226 556 3275; x_wconf 82' lang='lat'><strong>24</strong></span> <span class='ocrx_word' id='word_1_299' title='bbox 574 3239 640 3289; x_wconf 84' lang='lat' dir='ltr'><strong>crgo</strong></span> <span class='ocrx_word' id='word_1_300' title='bbox 659 3226 676 3273; x_wconf 79' lang='lat'><strong>0</strong></span> <span class='ocrx_word' id='word_1_301' title='bbox 700 3221 709 3288; x_wconf 91' lang='lat' dir='ltr'><strong>l</strong></span> <span class='ocrx_word' id='word_1_302' title='bbox 733 3225 767 3274; x_wconf 82' lang='lat'><strong>25</strong></span> <span class='ocrx_word' id='word_1_303' title='bbox 786 3223 858 3287; x_wconf 90' lang='lat' dir='ltr'><strong>quod</strong></span> <span class='ocrx_word' id='word_1_304' title='bbox 876 3238 938 3273; x_wconf 86' lang='lat' dir='ltr'><strong>cum</strong></span> <span class='ocrx_word' id='word_1_305' title='bbox 956 3221 1028 3287; x_wconf 87' lang='lat' dir='ltr'><strong>apud</strong></span> <span class='ocrx_word' id='word_1_306' title='bbox 1047 3236 1072 3270; x_wconf 81' lang='lat' dir='ltr'><strong>w</strong></span> 
     </span>
     <span class='ocr_line' id='line_1_37' title="bbox 103 3288 1072 3356; baseline -0.001 -16"><span class='ocrx_word' id='word_1_307' title='bbox 103 3288 107 3355; x_wconf 94' lang='grc'>1</span> <span class='ocrx_word' id='word_1_308' title='bbox 127 3291 238 3354; x_wconf 85' lang='lat' dir='ltr'><strong>quidam</strong></span> <span class='ocrx_word' id='word_1_309' title='bbox 257 3294 297 3353; x_wconf 76' lang='grc' dir='ltr'><strong>Π,</strong></span> <span class='ocrx_word' id='word_1_310' title='bbox 315 3308 383 3344; x_wconf 72' lang='lat' dir='ltr'><strong>corr.</strong></span> <span class='ocrx_word' id='word_1_311' title='bbox 401 3294 534 3342; x_wconf 72' lang='lat' dir='ltr'><strong>Liuineius</strong></span> <span class='ocrx_word' id='word_1_312' title='bbox 560 3290 570 3356; x_wconf 95' lang='grc'><strong>11</strong></span> <span class='ocrx_word' id='word_1_313' title='bbox 599 3293 632 3342; x_wconf 75' lang='lat'><strong>26</strong></span> <span class='ocrx_word' id='word_1_314' title='bbox 650 3291 699 3340; x_wconf 83' lang='lat' dir='ltr'><strong>sed</strong></span> <span class='ocrx_word' id='word_1_315' title='bbox 717 3293 797 3341; x_wconf 82' lang='lat' dir='ltr'><strong>idem:</strong></span> <span class='ocrx_word' id='word_1_316' title='bbox 815 3298 886 3340; x_wconf 86' lang='lat' dir='ltr'><strong>esset</strong></span> <span class='ocrx_word' id='word_1_317' title='bbox 903 3292 931 3338; x_wconf 76' lang='grc' dir='ltr'>Η</span> <span class='ocrx_word' id='word_1_318' title='bbox 949 3290 954 3351; x_wconf 97' lang='grc'>1</span> <span class='ocrx_word' id='word_1_319' title='bbox 974 3291 1003 3340; x_wconf 91' lang='lat' dir='ltr'><strong>ui</strong></span> <span class='ocrx_word' id='word_1_320' title='bbox 1021 3304 1072 3340; x_wconf 85' lang='lat' dir='ltr'><strong>sua</strong></span> 
     </span>
     <span class='ocr_line' id='line_1_38' title="bbox 100 3356 1070 3425; baseline 0.001 -17"><span class='ocrx_word' id='word_1_321' title='bbox 100 3358 188 3409; x_wconf 83' lang='lat' dir='ltr'><strong>tutior</strong></span> <span class='ocrx_word' id='word_1_322' title='bbox 210 3372 247 3407; x_wconf 78' lang='lat' dir='ltr'><strong>w:</strong></span> <span class='ocrx_word' id='word_1_323' title='bbox 275 3362 337 3409; x_wconf 89' lang='lat' dir='ltr'><strong>uisu</strong></span> <span class='ocrx_word' id='word_1_324' title='bbox 359 3362 478 3409; x_wconf 85' lang='lat' dir='ltr'><strong>astutior</strong></span> <span class='ocrx_word' id='word_1_325' title='bbox 500 3357 634 3424; x_wconf 82' lang='lat' dir='ltr'><strong>(astacior</strong></span> <span class='ocrx_word' id='word_1_326' title='bbox 650 3359 682 3419; x_wconf 91' lang='lat' dir='ltr'><strong>A)</strong></span> <span class='ocrx_word' id='word_1_327' title='bbox 700 3358 727 3404; x_wconf 78' lang='grc' dir='ltr'>Ι</span> <span class='ocrx_word' id='word_1_328' title='bbox 754 3360 759 3424; x_wconf 91' lang='grc'>1</span> <span class='ocrx_word' id='word_1_329' title='bbox 786 3363 814 3408; x_wconf 85' lang='lat' dir='ltr'><strong>et</strong></span> <span class='ocrx_word' id='word_1_330' title='bbox 832 3360 881 3408; x_wconf 80' lang='lat' dir='ltr'><strong>del.</strong></span> <span class='ocrx_word' id='word_1_331' title='bbox 899 3360 1027 3425; x_wconf 76' lang='lat' dir='ltr'><strong>Jaepccue</strong></span> <span class='ocrx_word' id='word_1_332' title='bbox 1058 3356 1070 3422; x_wconf 93' lang='grc'><strong>11</strong></span> 
     </span>
    </p>
   </div>
   <div class='ocr_carea' id='block_1_4' title="bbox 101 3424 726 3492">
    <p class='ocr_par' dir='ltr' id='par_1_4' title="bbox 101 3424 726 3492">
     <span class='ocr_line' id='line_1_39' title="bbox 101 3424 726 3492; baseline -0.003 -17"><span class='ocrx_word' id='word_1_333' title='bbox 101 3426 133 3475; x_wconf 75' lang='grc'><strong>27</strong></span> <span class='ocrx_word' id='word_1_334' title='bbox 153 3426 270 3477; x_wconf 83' lang='lat' dir='ltr'><strong>tetendit</strong></span> <span class='ocrx_word' id='word_1_335' title='bbox 287 3431 316 3477; x_wconf 85' lang='lat' dir='ltr'><strong>at</strong></span> <span class='ocrx_word' id='word_1_336' title='bbox 335 3443 406 3492; x_wconf 85' lang='lat' dir='ltr'><strong>pres.</strong></span> <span class='ocrx_word' id='word_1_337' title='bbox 424 3429 446 3475; x_wconf 92' lang='lat' dir='ltr'>A</span> <span class='ocrx_word' id='word_1_338' title='bbox 470 3424 480 3492; x_wconf 89' lang='grc'>1</span> <span class='ocrx_word' id='word_1_339' title='bbox 505 3430 538 3478; x_wconf 78' lang='lat'><strong>⁴28</strong></span> <span class='ocrx_word' id='word_1_340' title='bbox 556 3424 595 3492; x_wconf 84' lang='lat' dir='ltr'><strong>id]</strong></span> <span class='ocrx_word' id='word_1_341' title='bbox 616 3425 685 3475; x_wconf 89' lang='lat' dir='ltr'><strong>illud</strong></span> <span class='ocrx_word' id='word_1_342' title='bbox 703 3427 726 3473; x_wconf 94' lang='lat' dir='ltr'>A</span> 
     </span>
    </p>
   </div>
   <div class='ocr_carea' id='block_1_5' title="bbox 0 0 1210 4012">
    <p class='ocr_par' dir='ltr' id='par_1_5' title="bbox 0 0 1210 4012">
     <span class='ocr_line' id='line_1_40' title="bbox 0 0 1210 4012; baseline 0 0"><span class='ocrx_word' id='word_1_343' title='bbox 0 0 1210 4012; x_wconf 95' lang='lat' dir='ltr'><strong> </strong></span> 
     </span>
    </p>
   </div>
  </div>
 </body>
</html>
