2406 4012
122 182 183 248 150
439 187 485 238 vr.
515 184 668 237 monam
686 187 767 237 Pau.

120 334 256 398 caelibes
284 338 494 418 notauerunt,
522 338 671 417 parentes
700 336 850 418 praemiis
878 336 1095 421 honorarunt,

118 439 194 482 uere
221 417 371 483 dicuntur
404 440 472 483 esse
499 418 711 484 fundamenta
738 420 785 484 rei
812 420 976 504 publicae,
1015 424 1096 506 quia

120 503 326 568 seminarium
352 504 528 567 iuuentutis
557 507 590 568 et
616 504 706 586 quasi
727 504 852 568 fontem
875 505 1012 570 humani
1040 528 1095 571 ro·

118 587 205 651 boris
220 609 346 671 semper
360 587 515 652 Romanis
530 588 722 652 exercitibus
737 589 981 655 ministrarunt:
1005 591 1095 675 quod

93 670 193 736 ⁵huic
208 674 315 736 uestro
329 672 365 735 in
378 693 446 736 rem
461 672 623 755 publicam
639 673 753 736 merito
768 695 936 756 possumus
954 674 1094 760 dignum

118 776 238 819 nomen
272 756 454 820 ascribere?
497 757 551 840 qui
584 778 650 821 non
680 778 739 839 per
765 759 892 840 plebeia
927 760 1091 844 germina,

118 839 174 904 sed
195 840 402 924 imperatoria
424 841 557 924 stirpem
579 842 625 905 rei
647 841 793 924 publicae
816 844 1015 928 propagatis,
1043 848 1092 928 ut,

118 925 203 1008 quod
225 925 395 990 millesimo
417 947 502 989 anno
524 930 597 1008 post
619 928 730 990 urbem
753 927 916 991 conditam
942 928 1092 993 euenisse

117 1007 249 1074 tandem
277 1011 534 1095 gratulabamur,
564 1031 605 1074 ne
633 1011 805 1074 mutatoria
833 1033 891 1094 per
917 1033 1021 1077 nouas
1042 1013 1093 1077 fa-

79 1108 106 1149 10
119 1094 225 1158 milias
248 1096 424 1159 communis
448 1094 559 1158 salutis
581 1094 800 1178 gubernacula
818 1095 1033 1180 traderentur,
1056 1097 1092 1161 id

118 1179 192 1242 exin
220 1179 367 1242 omnibus
397 1178 489 1242 duret
516 1179 688 1261 aetatibus,
723 1180 932 1262 imperatores
961 1201 1092 1264 semper

117 1261 271 1326 Herculii.

181 1345 240 1408 ΙΙΙ.
290 1345 466 1421 Quemnam
498 1348 597 1432 igitur
629 1348 793 1430 utriusque
824 1352 968 1412 uestrum
996 1370 1092 1432 prae-

117 1430 202 1494 conii
225 1451 262 1494 ac
284 1431 500 1495 uenerationis
522 1431 667 1496 ordinem
688 1432 830 1496 faciam?
872 1432 976 1496 adhuc
1001 1433 1092 1498 enim

78 1528 104 1569 1⁵
117 1513 156 1578 de
179 1515 343 1578 amborum
371 1515 406 1579 in
427 1515 512 1580 hanc
537 1516 808 1581 necessitudinem
835 1518 1091 1601 congruentibus

116 1600 203 1663 uotis
227 1601 438 1665 communiter
460 1601 534 1665 dixi.
579 1604 611 1664 et
632 1604 664 1665 te
687 1600 815 1684 quidem
838 1601 956 1682 sentia,
979 1603 1092 1665 senior

116 1687 279 1769 Auguste,
302 1687 468 1750 maiestate
490 1685 693 1768 praecedere,
716 1688 748 1749 te
771 1686 876 1769 sequi,
898 1686 1007 1749 iunior
1029 1686 1091 1750 im-

116 1773 253 1852 perator.
291 1769 346 1833 sed
391 1770 514 1834 rofecto
536 1770 619 1834 sicut
640 1772 706 1848 tuo,
730 1769 952 1852 Constantine,
976 1791 1091 1835 socero
1169 1787 1176 1797 ·

117 1856 192 1916 ante
215 1856 263 1917 est
285 1793 455 1917 conciliata
470 1854 623 1918 diuinitas
645 1875 741 1936 quam
764 1854 804 1917 ab
823 1875 860 1917 eo
882 1858 1001 1936 pignus
1025 1854 1092 1937 ipsi

78 1951 104 1992 ²⁰
118 1937 316 2001 carissimum
339 1937 528 2018 postulares,
552 1938 598 2000 ita
619 1958 706 2001 nunc
729 1959 853 2022 quoque
875 1939 909 2001 in
931 1938 991 2002 hac
1015 1960 1091 2023 gra-

116 2020 273 2084 tulatione
304 2020 393 2102 prius
421 2020 477 2084 illa
511 2020 645 2084 dicenda
673 2027 749 2086 sunt
780 2044 861 2105 quae
888 2022 922 2085 in
950 2025 983 2086 te
1013 2044 1105 2087 con·..

117 2104 260 2167 siderans
282 2105 391 2167 tantus
413 2104 474 2169 iste
497 2109 529 2169 et
551 2106 676 2188 paterni
701 2109 733 2169 et
754 2109 802 2170 tui
825 2109 937 2170 auctor
958 2107 1093 2190 imperii

117 2188 255 2252 laetatus
283 2192 333 2253 est
359 2189 443 2271 quod
471 2190 592 2273 petisti.
638 2212 657 2254 o
680 2190 825 2254 diuinum
847 2194 938 2255 tuum
944 2239 953 2273 ,
983 2190 1092 2255 Maxi-

116 2274 238 2358 miano,
266 2274 436 2356 iudicium,
466 2275 520 2358 qui
542 2275 629 2340 hunc
651 2275 711 2339 tibi
733 2274 801 2337 iure
827 2274 1009 2357 adoptionis
1033 2297 1090 2340 ne-

78 2370 104 2411 25
117 2363 240 2444 potem,
264 2360 441 2424 maiestatis
464 2359 576 2424 ordine
596 2359 698 2424 filium
720 2358 818 2422 etiam
840 2380 995 2443 generum
1018 2381 1091 2424 esse

117 2445 263 2509 uoluisti!
308 2445 390 2528 diui,
414 2445 559 2528 inquam,
585 2443 767 2509 Constantii
789 2443 906 2525 filium,
934 2443 969 2506 in
992 2464 1092 2527 quem

118 2549 152 2593 se
174 2530 278 2612 prima
299 2529 385 2593 illius
407 2531 539 2594 iuuenta
560 2528 745 2608 transfudit,
770 2527 806 2591 in
828 2528 917 2592 ouius
939 2548 993 2591 ore
1017 2549 1091 2593 cae-

117 2612 214 2677 lestes
242 2614 328 2676 illius
355 2613 463 2676 uultus
494 2616 611 2676 natura
643 2612 800 2695 signauit,
835 2613 890 2695 qui
921 2615 1092 2694 aspectum

119 2696 205 2759 illius
227 2695 267 2757 ad
290 2695 425 2759 deorum
447 2696 583 2759 concilia
604 2694 751 2759 translati
779 2695 881 2761 adhuc
904 2695 1090 2762 desideran-

80 2799 105 2838 eo
118 2780 204 2844 tibus
226 2778 320 2842 nobis
342 2778 463 2842 sufficit
484 2800 542 2861 pro
565 2778 697 2843 duobus.
741 2802 845 2863 neque
874 2780 960 2844 enim
981 2780 1091 2846 forma

119 2901 323 2912 ...------

186 2970 201 3018 3
220 2966 327 3018 roboris
341 2967 478 3018 Gruterus:
497 2968 619 3032 corporis
637 2968 664 3016 n
676 2966 715 3033 115
733 2984 832 3018 nomen
849 2968 961 3034 dignum
978 2966 1054 3035 3116
1071 2986 1090 3035 p

119 3036 223 3086 addidi:
242 3051 288 3086 om.
300 3038 346 3100 Il
363 3035 469 3101 plebeio
488 3038 608 3101 germine
622 3038 756 3087 Acidaliae
768 3033 778 3101 l
792 3039 806 3087 7
824 3036 1004 3102 imperatoria
1023 3038 1091 3089 stir-

118 3119 181 3169 pem
198 3105 307 3168 ccripsi:
330 3105 512 3168 imperatoria
530 3104 615 3168 stirpe
632 3106 660 3152 n
677 3105 884 3169 imperatoriam
902 3105 1017 3168 stirpem
1037 3118 1063 3153 w
1083 3102 1087 3170 l

119 3186 202 3236 remp.
213 3173 273 3226 edd.
285 3169 295 3236 ΙΙ
309 3174 341 3223 10
353 3171 382 3221 id
391 3174 455 3220 exin
466 3170 517 3237 (uei
525 3170 600 3235 dein)
610 3174 718 3236 scripsi:
731 3170 759 3220 id
768 3187 801 3221 ex
811 3171 918 3221 HBerc.
932 3170 960 3221 id
973 3176 1018 3221 eet
1029 3175 1089 3223 edd.

119 3239 147 3288 id
159 3245 209 3293 est,
229 3256 262 3289 ex
275 3240 327 3289 hoc
340 3240 471 3289 Liuineius
488 3240 561 3290 idem
575 3240 698 3290 &uterus
710 3237 720 3303 ll
735 3241 765 3287 12
778 3239 904 3289 Herculii
913 3240 961 3299 iv:
981 3239 1090 3290 herculi

118 3306 141 3353 A
153 3306 173 3354 B
186 3308 207 3354 V
225 3306 348 3359 herculei
365 3309 382 3355 0
399 3305 409 3371 ΙΙ
433 3310 464 3356 13
501 3303 638 3372 namnam]
660 3309 777 3370 quemno
794 3305 818 3354 A
836 3322 915 3371 quem
934 3306 1009 3357 Beri.
1024 3304 1036 3372 ΙΙ
1056 3309 1089 3357 16

119 3373 194 3423 uotis
211 3374 330 3424 leretur.-
348 3375 428 3424 uobis
447 3324 507 3438 ffll
538 3377 569 3425 19
588 3381 652 3424 ante
670 3381 698 3424 te
717 3388 740 3426 c.
759 3374 860 3424 ciuitas
878 3374 954 3425 Bert.
978 3373 983 3438 l
1006 3389 1088 3439 quarn

118 3441 264 3489 Puteanus:
284 3456 344 3490 cum
362 3444 390 3490 n
419 3439 429 3505 ΙΙ
458 3444 491 3492 20
510 3443 664 3506 postulares
681 3441 720 3492 ita
738 3442 768 3489 c:
790 3441 929 3505 postulare
949 3443 1044 3493 sitan
1061 3444 1089 3491 Ι

118 3505 267 3572 postulasti
285 3508 327 3557 ita
344 3522 369 3556 w
391 3506 401 3573 ΙΙ
423 3510 454 3558 26
474 3509 531 3558 diui
547 3510 682 3559 Bcvw:
702 3507 790 3558 diuini
806 3510 829 3557 A
844 3507 848 3573 Ι
866 3507 1013 3560 Constanti
1030 3512 1053 3559 A
