2406 4012
42 46 58 79 ᾧ

10 39 47 225 I
377 190 536 242 Turreno
554 192 589 245 n.
612 192 721 242 51—53.
988 193 1028 256 47

10 334 13 365 ⁵
55 343 156 423 ferro,
181 340 304 404 saeuire
327 340 500 419 securibus,
523 344 560 404 ut
582 341 609 403 si
632 341 776 425 singulos
799 341 881 404 ictus
897 342 1029 426 sanguis

10 488 14 497 ,
57 427 213 510 dolorque
243 428 438 508 sequeretur.
483 446 577 489 nemo
605 429 672 489 tam
702 429 887 508 temperans
919 426 1030 510 gaudii

57 530 213 593 seraeque
237 509 377 573 laetitiae
400 509 477 593 quin
499 511 601 573 instar
628 509 759 573 ultionis
781 510 943 574 uideretur
967 532 1030 574 cer-

56 617 136 659 nere
160 595 282 658 laceros
305 597 403 677 artus,
427 597 576 658 truncata
597 594 749 677 membra,
795 597 935 658 ostremo
964 598 1030 658 tru-

58 702 113 744 ces
141 678 381 761 horrendasque
409 679 566 762 imagines
594 680 734 743 obiectas
768 617 906 742 dammis
940 700 1079 763 exeo-5*

10 840 12 849 Ι
59 769 192 848 ctasque
218 765 255 826 ut
276 783 315 826 ex
337 762 392 826 illo
414 767 534 826 terrore
563 767 595 827 et
623 763 718 827 minis
746 765 781 826 in
807 786 900 827 usum
929 765 1030 828 homi-

56 871 137 914 num
167 868 204 911 ac
232 846 414 930 uoluptates
444 847 574 931 ignibus
602 852 813 912 mutarentur.
859 849 956 911 simili
983 871 1031 913 re-

58 932 215 1012 uerentia,
240 930 367 1013 Caesar,
401 953 466 995 non
495 932 578 1015 apud
609 932 740 1016 genium
768 935 859 995 tuum
892 933 1031 996 bonitati

58 1022 136 1083 tuae
158 1016 280 1100 gratias
303 1037 322 1079 a
346 1018 367 1094 i,
394 1018 449 1080 sed
471 1016 555 1100 apud
578 1038 698 1080 numen
721 1015 808 1079 Iouis
831 1016 945 1099 optimi
967 1039 1032 1080 ma-

58 1102 140 1166 ximi
161 1100 297 1183 pateris:
319 1038 368 1163 illi
389 1100 503 1164 debere
525 1122 583 1164 nos
603 1101 752 1184 quicquid
772 1100 833 1163 tibi
850 1100 1031 1185 debeamus,
1045 1121 1070 1160 ιο

59 1187 149 1250 illius
178 1184 263 1269 quod
291 1184 372 1248 bene
399 1185 498 1248 facias
526 1186 668 1249 muneris
698 1207 765 1250 esse
793 1185 848 1270 qui
875 1188 907 1249 te
934 1185 1030 1271 dedit.

60 1273 138 1335 ante
160 1269 288 1354 quidem
308 1270 458 1354 ingentes
480 1269 657 1334 hostiarum
684 1292 800 1355 greges
822 1292 880 1354 per
904 1269 1031 1354 (lapito-

60 1356 166 1419 linum
187 1356 259 1435 iter,
282 1376 400 1438 magna
422 1354 470 1417 sui
492 1357 582 1437 parte
605 1355 694 1419 uelut
719 1356 901 1438 intercepti,
925 1356 1032 1420 dever-

60 1446 131 1504 tere
152 1440 207 1503 uia
230 1438 435 1521 cogebantur,
460 1460 530 1502 cum
553 1440 730 1504 saeuissimi
752 1440 874 1504 domini
902 1441 1031 1503 atrocis-

61 1525 145 1589 sima
188 1523 311 1607 effigies
347 1525 438 1586 tanto
480 1523 683 1587 uictimarum
726 1544 837 1587 cruore
875 1523 1032 1586 coleretur
1045 1541 1070 1580 15

61 1611 220 1692 quantum
241 1609 311 1692 ipse
333 1607 466 1671 humani
488 1608 654 1692 sanguinis
676 1606 903 1690 profundebat.

128 1691 215 1757 LIII.
260 1692 387 1774 Omnia,
423 1695 530 1774 patres
564 1691 746 1774 conscripti,
782 1711 862 1774 quae
893 1691 931 1753 de
960 1690 1031 1754 aliis

61 1777 262 1862 principibus
294 1799 313 1840 a
341 1798 391 1840 me
425 1778 481 1839 aut
508 1775 657 1840 dicuntur
689 1778 744 1839 aut
773 1774 859 1838 dicta
893 1777 967 1839 sunt
995 1797 1032 1839 eo

61 1862 229 1946 pertinent
261 1864 298 1925 ut
331 1860 498 1925 ostendam
537 1883 633 1945 quam
670 1861 768 1944 longa
804 1859 1032 1924 consuetudine

63 1950 231 2030 corruptos
259 1946 512 2028 deprauatosque
546 1967 651 2010 mores
681 1946 880 2029 principatus
916 1967 1032 2028 parens
1046 1966 1071 2005 rc

61 2034 175 2095 noster
201 2030 355 2093 reformet
381 2034 414 2094 et
442 2030 592 2114 corrigat.
630 2036 658 2095 et
684 2031 827 2114 alioquin
858 2029 940 2095 nihil
968 2052 1033 2093 non

86 2136 178 2179 arum
200 2116 292 2199 grate
314 2115 384 2178 sine
407 2116 643 2197 comparatione
668 2115 825 2179 laudatur.
868 2117 1034 2198 praeterea

62 2137 128 2264 boc
149 2199 289 2281 primum
312 2220 388 2282 erga
410 2200 567 2283 optimum
589 2201 816 2283 imperatorem
841 2200 968 2282 piorum
992 2199 1033 2260 ci-

63 2284 154 2347 uium
181 2282 323 2347 officium
351 2286 408 2365 est,
437 2285 562 2368 insequi
590 2284 770 2348 dissimiles
814 2303 916 2365 neque
948 2282 1034 2343 enim

63 2369 144 2432 satis
172 2368 287 2432 amarit
316 2368 416 2432 bonos
444 2368 606 2452 principes
633 2369 687 2450 qui
720 2367 822 2429 malos
855 2364 933 2428 satis
966 2385 1033 2427 non
1047 2385 1071 2423 25

63 2452 179 2518 oderit.
232 2452 319 2516 adice
352 2453 437 2537 quod
469 2453 671 2534 imperatoris
704 2450 807 2513 nostri
843 2469 909 2511 non
947 2447 1033 2511 aliud

64 2560 116 2602 am
141 2537 203 2602 lius
218 2559 255 2601 ac
277 2537 420 2602 diffusius
435 2537 584 2600 meritum
607 2538 655 2599 est
669 2557 764 2619 quam
784 2533 867 2617 quod
883 2532 1034 2597 insectari

63 2561 169 2687 malos
191 2621 352 2706 principes
373 2625 481 2686 tutum
503 2624 561 2685 est.
600 2642 641 2684 an
664 2619 784 2684 excidit
798 2619 900 2684 dolori
922 2619 1033 2682 nostro

64 2707 161 2772 modo
183 2707 364 2772 uindicatus
386 2705 500 2771 Nero?
536 2706 746 2789 permitteret,
781 2705 885 2788 credo,
914 2704 1034 2768 famam

63 2792 234 2876 uitamque·
254 2792 321 2855 eius
344 2791 432 2874 carpi
455 2792 510 2873 qui
533 2793 666 2854 mortem
691 2790 902 2854 ulciscebatur·
916 2811 976 2852 nec
998 2792 1071 2852 uteo

64 2877 103 2940 in
125 2898 158 2940 sc
182 2876 268 2940 diota
295 2876 558 2959 interpretaretur
586 2896 667 2956 cquae
693 2874 732 2938 de
760 2874 923 2938 simillimo
952 2873 1034 2936 dice·

136 3184 150 3232 l
176 3181 262 3249 ferro]
287 3184 388 3232 foroc
418 3180 428 3247 ΙΙ
458 3182 611 3232 5flammis
641 3184 827 3243 excoctaeque
847 3179 960 3228 Keilius:
991 3192 1036 3226 ex·

65 3254 215 3316 coctaeque
233 3251 350 3301 flammis
367 3251 394 3299 H
425 3247 434 3315 ΙΙ
466 3252 497 3301 10
515 3250 568 3300 tibi
590 3248 675 3301 onuB
704 3243 714 3310 ΙΙ
746 3249 777 3296 12
801 3244 986 3309 Capitolinum
1005 3257 1034 3308 g:

66 3319 229 3383 capitolium
247 3320 274 3368 H
303 3317 313 3384 ΙΙ
344 3320 375 3368 13
394 3322 538 3371 deuertere
557 3330 586 3382 ςε
611 3315 749 3366 diuertere
771 3314 798 3361 l(
827 3310 837 3378 {l
857 3315 899 3428 ive
919 3312 1038 3444 lprgfluq}

64 3385 294 3506 {dimitiulineviusi
313 3382 997 3519 0213.ᾶῘΞΡΥΙΓΠξέΟἙὲἰῗῑζῗθῐίιῖαῗεὲἓξπιίιῖετειηῑ
1014 3449 1037 3495 V

68 3524 81 3587 l!
102 3524 459 3589 sustenementum,
483 3535 551 3574 corr,
571 3533 595 3566 w
