2406 4012
316 108 571 163 CONSTANTINO
589 108 769 163 AUGUSTO.
791 113 866 162 5-7.
1014 114 1076 179 185

98 263 213 326 cetera
235 259 324 323 siluis
347 262 380 323 et
393 258 527 342 rupibus
549 258 637 322 inuia
658 280 842 324 securarum
859 265 935 326 sunt
957 263 1075 328 cubilia

63 388 70 397 ·
97 345 291 410 bestiarum.
316 342 373 407 illa
391 346 498 407 autem
517 364 598 426 quae
619 343 763 409 subiecta
785 349 930 429 eiusque
946 348 1074 412 Ararim

100 432 256 529 porrecta
276 428 428 512 planities
450 427 513 490 fuit
556 427 678 511 uidem,
705 432 743 492 ut
764 431 872 513 audio,
901 430 1073 514 aliquando

99 512 253 597 rocunda,
278 534 351 577 cum
372 532 430 595 per
452 449 652 596 singillorum
669 513 749 577 fines
766 516 926 579 continua
950 516 1074 581 cultura

100 618 276 684 procursus
289 596 431 661 fontium
446 596 585 660 uallibus
600 599 785 680 patentibus
801 600 972 684 euehebat3
987 622 1100 667 nunes

101 686 213 747 antem
234 682 417 745 interclusis
439 680 591 744 uastitate
613 681 782 765 meatibus,
806 684 955 767 quicquid
970 684 1073 751 humi-

101 767 196 832 litate
223 788 282 830 sua
302 766 407 830 fuerat
427 766 557 829 uberius
564 814 572 847 ,
604 766 640 828 in
661 767 831 850 uoragines
854 774 903 831 est
927 771 1071 855 [stagna]

103 872 305 917 conuersum.
355 851 443 933 ipsae
474 849 609 933 denique
642 850 772 932 uineae,
807 873 885 934 quas
915 854 1074 919 mirantur

100 936 220 1021 ignari,
242 935 287 998 ita
301 937 464 999 uetustate
479 937 655 998 senuerunt
669 938 706 998 ut
720 936 878 999 culturam
892 936 957 1001 iam
969 959 1073 1020 paene

100 1040 172 1085 non
193 1021 345 1083 sentiant.
376 1019 499 1083 radices
523 1019 608 1083 onim
630 1019 755 1101 uitium,
778 1040 910 1102 quarum
933 1021 997 1084 iam
1019 1045 1074 1086 ne·
1088 1044 1113 1083 10

102 1103 222 1169 scimus
250 1107 403 1186 aetatem,
433 1103 537 1167 milies
559 1103 745 1186 replicando
774 1108 944 1189 congestae
967 1106 1074 1171 altitu·

102 1188 213 1285 dinem
240 1187 378 1253 debitam
407 1189 573 1285 scrobibus
604 1189 778 1287 excludunt
811 1192 844 1252 et
870 1190 974 1272 ipsam
994 1213 1074 1340 pro-

101 1293 260 1422 stitit
283 1272 907 1441 titilltisttt‘bibiti
920 1280 1075 1445 stilti

102 1462 223 1523 sumus,
245 1444 282 1505 ut
296 1441 469 1524 Aquitanis
492 1441 625 1524 aliisque
639 1442 815 1525 prouinciis
838 1443 996 1508 familiare
1015 1448 1072 1522 est,
1087 1463 1113 1503 15

101 1526 198 1591 nouis
219 1525 340 1622 sitibus
361 1525 469 1623 locum
490 1527 607 1622 ubique
629 1526 758 1621 metari,
781 1547 853 1589 cum
877 1548 974 1609 supra
997 1549 1074 1592 saxa

101 1613 260 1759 Palilia
282 1613 376 1759 8111ἒῶ
387 1610 483 1779 11111111
493 1609 659 1778 ὴέἒύῗὲε
668 1630 957 1759 eblburilsosbiuitatis
986 1695 1073 1761 illius

464 1865 1072 1931 m
1086 1887 1112 1927 20

101 1947 246 2030 urbium,
275 1947 470 2012 omniafere
497 1948 584 2012 culta
610 1911 719 2031 aprica
740 1886 906 2033 llorenb'ra,
936 1951 1005 2015 uias
1026 1952 1073 2015 fa-

103 2030 198 2115 ciles,
226 2031 383 2115 nauigera
404 2032 538 2096 flumina
563 2033 651 2116 ipsas
679 2033 868 2115 oppidorum
890 2038 1001 2118 portas
1029 2036 1073 2098 al-

100 2115 242 2198 luentia,
273 2117 326 2179 sed
357 2116 465 2180 statim
494 2117 535 2181 ab
564 2139 600 2180 eo
628 2117 728 2199 flexu,
761 2140 778 2180 e
806 2140 868 2201 quo
897 2122 1073 2181 retrorsum

100 2200 158 2265 uia
180 2200 268 2265 ducit
289 2201 325 2264 in
348 2200 529 2285 Belgicam,
557 2205 650 2264 uasta
678 2201 801 2281 omnia,
829 2202 954 2265 inculta
981 2222 1073 2283 squa-

100 2284 215 2368 lentia,
237 2288 327 2348 muta
348 2287 528 2368 tenebrosa,
552 2285 648 2348 etiam
669 2283 817 2347 militaris
840 2284 909 2347 uias
931 2285 977 2348 ita
1001 2305 1073 2349 con-
1087 2303 1112 2343 2⁵

100 2369 250 2453 fragosas
273 2372 305 2432 ct
326 2371 458 2433 alternis
480 2368 641 2433 montibus
665 2366 779 2432 arduas
802 2369 896 2451 atque
917 2369 1073 2453 praecipi-

98 2460 153 2519 tes
174 2457 211 2518 ut
233 2453 288 2517 uix
310 2453 486 2538 semiplena
515 2456 682 2536 carpenta,
712 2451 873 2518 interdum
897 2454 997 2519 solam
1019 2477 1073 2520 ua-

101 2610 308 2620 .-——---—-

172 2694 271 2757 iquae
284 2695 434 2749 deleverim
453 2693 581 2744 subiecta
595 2699 639 2744 est
651 2697 679 2744 et
690 2694 820 2743 Puteanus
835 2694 839 2754 Ι
856 2693 992 2759 eiusque]
1010 2710 1074 2745 eras

100 2776 158 2825 quo
175 2761 200 2808 Δ
215 2758 226 2826 1
242 2762 258 2811 b
275 2760 397 2810 uallibus
415 2762 490 2812 edd:
508 2761 593 2811 uallis
609 2761 636 2807 ii
656 2758 713 2822 (ual
724 2760 767 2821 W)
788 2760 934 2812 canalibus
952 2760 1005 2827 (uel
1020 2763 1074 2812 cal-

99 2824 189 2890 libus]
207 2828 357 2878 latentibus
374 2829 509 2877 Acidalias
529 2826 539 2893 11
560 2832 574 2879 7
594 2827 741 2890 uoraginas
760 2830 803 2876 est
822 2823 945 2893 [stagna]
963 2832 1072 2893 scripsi:

99 2897 237 2958 uoragine
254 2898 357 2960 stagna
368 2896 397 2943 si
413 2897 576 2959 uoraginum
595 2900 696 2957 stagna
708 2907 733 2941 w
751 2895 909 2958 uoraginem
928 2899 956 2944 et
974 2900 1073 2960 stagna

99 2963 161 3012 edd.
180 2959 191 3027 1
208 2965 241 3013 10
257 2963 367 3012 radices
385 2976 421 3010 w:
440 2962 541 3014 radicis
559 2960 613 3027 llll
635 2963 664 3011 11
684 2960 775 3010 milies
793 2961 816 3009 Δ
833 2974 871 3010 w:
890 2960 968 3010 miles
987 2971 1046 3011 cett.
1067 2960 1070 3027 1

98 3027 212 3094 replis]
226 3029 424 3094 repastinante
439 3032 572 3080 Acidalias
584 3027 594 3093 11
608 3031 640 3079 13
654 3028 776 3077 abditam
787 3031 893 3093 scripsi:
911 3027 1033 3078 debitam
1045 3031 1073 3078 Π

102 3094 107 3159 1
129 3096 218 3147 obiter
229 3100 330 3148 tectam
341 3100 449 3162 scripsi:
467 3099 606 3148 obtectam
618 3098 646 3145 Η
658 3095 777 3144 debitam
789 3110 841 3144 nec
853 3095 992 3145 obtectam
1004 3096 1071 3160 Eys-

96 3164 256 3215 senhardias
268 3163 279 3231 l
292 3168 324 3216 15
342 3165 408 3215 aliis
425 3180 500 3231 prou.
514 3162 599 3230 01116
616 3163 664 3213 ubi
682 3166 744 3212 met.
762 3164 797 3224 Δ;
815 3179 849 3212 on
866 3163 923 3213 ibi?
935 3160 945 3227 11
959 3164 990 3212 17
1008 3169 1074 3214 sunt

98 3232 125 3281 Δ
137 3228 148 3297 1
159 3232 192 3281 21
212 3234 305 3296 aprica
323 3235 432 3297 scripsi:
451 3237 549 3297 aperta
566 3234 594 3281 Η
611 3231 711 3281 uberta
730 3230 766 3280 M.
781 3232 910 3294 Hauptius
922 3231 1011 3280 Herm.
1027 3231 1075 3281 IV

98 3316 129 3364 p.
148 3302 198 3349 151
215 3296 275 3364 1125
292 3300 355 3350 uiae
373 3301 415 3350 ita
429 3301 573 3363 Hauptius:
591 3300 637 3348 uia
655 3298 692 3347 sit
711 3313 745 3347 ac
757 3300 785 3347 Π
796 3299 871 3348 Bert.
886 3295 891 3360 Ι
908 3298 1074 3365 confragosa

101 3365 150 3416 scd
168 3380 194 3415 vr
217 3366 227 3431 11
251 3371 285 3418 26
303 3367 405 3417 arduas
421 3368 567 3431 Hauptius:
591 3365 684 3415 arduis
701 3366 729 3413 Η
749 3365 843 3428 (ardiis
861 3362 895 3429 Δ)
913 3366 993 3417 ardui
1011 3381 1036 3417 w
1065 3366 1073 3431 1

100 3436 135 3484 27
155 3434 242 3485 solum
260 3434 329 3500 (olim
346 3450 398 3485 nec
415 3436 432 3487 l.
450 3439 466 3489 l.
483 3452 511 3499 p.
529 3433 593 3497 221)
612 3435 715 3485 addidi:
733 3449 781 3483 om.
798 3436 826 3483 Η
