2406 4012
7 43 57 297 ξ
172 184 386 236 ΜΑΧΙΜΙΑΝΟ
406 184 454 236 ΕΤ
472 183 732 237 CONSTANTINO
751 186 785 237 D.
809 189 886 240 7-9.
955 185 1016 250 155

8 300 29 399 i
40 336 78 403 di
91 334 167 421 ipsi,
190 333 274 417 qued
288 332 475 418 plerumque
494 334 651 399 humanas
670 356 721 399 res
742 334 921 419 neglegant
940 334 1015 401 dum

8 419 219 505 t'querimun
239 417 423 503 ignescunt,
444 418 559 502 quibus
574 419 660 483 aliud
675 420 813 484 sonasse
829 418 1015 485 curantibus

8 502 222 589 {grandines
243 506 354 582 ruunt,
376 506 480 567 terrae
500 503 680 586 debiscunt,
704 502 798 569 urbes
813 503 1015 569 hauriuntur.

8 590 23 657 :r
43 609 127 675 quae
147 606 216 651 nen
233 586 299 651 illis
316 587 537 735 khauuuntur]
552 588 748 671 uolentibus,
772 589 827 653 sed
849 591 905 654 aut
922 588 1015 652 alior-

8 664 117 751 {sum
144 670 315 755 aspicienti
339 692 376 735 us
409 674 466 736 aut
492 671 585 736 fatali
611 694 718 737 rerum
750 677 887 758 urgente
920 690 1041 737 cursus

8 766 13 829 ξ
43 756 198 823 uidentur
218 755 373 821 accidere.
416 756 482 820 tale
504 759 569 840 est,
591 757 784 840 imperator,
808 758 892 841 quod
913 759 1015 822 omni·

9 838 20 923 f
44 840 106 907 bns
125 840 223 905 nobis
237 840 363 905 incluso
378 841 502 924 gemitu
522 842 738 905 maerentibus
752 840 858 906 facere
873 842 1015 924 uoluisti,

9 928 114 994 Jnon
136 924 265 1008 quidem
285 928 324 989 tu
344 927 389 989 rei
412 924 561 1009 publicae
588 926 798 1010 neglegentia
819 928 875 989 aut
895 925 1015 990 laboris

9 1008 124 1095 *fuga
145 1012 202 1073 aut
216 1008 356 1074 desidiae
379 1008 553 1093 cupiditate
568 1009 691 1093 ductus,
715 1010 770 1073 sed
785 1009 911 1074 consilii
928 1009 1014 1091 olim,

9 1074 82 1171 fut
105 1114 161 1159 res
187 1094 252 1171 est,
284 1093 371 1158 inter
398 1115 457 1158 uos
483 1094 595 1177 placiti
624 1094 806 1159 constantia
835 1097 867 1158 et
894 1094 1014 1176 pietate
1028 1113 1053 1153 ro

9 1176 25 1267 ξ
44 1176 203 1260 fraterna,
224 1198 277 1260 ne,
300 1177 510 1261 quamtotius
526 1179 612 1242 uitae
635 1199 893 1263 summarumque
908 1200 1015 1242 rerum

9 1262 169 1339 {senum
191 1283 317 1345 semper
330 1262 506 1344 habuisses,
529 1263 563 1326 in
587 1263 721 1327 alicuius
738 1263 816 1328 facti
839 1263 1015 1328 communi·

16 1348 114 1421 itate
137 1346 299 1411 desereres
320 1368 402 1412 neue
424 1346 522 1428 illius,
546 1347 663 1412 uiderit
684 1348 780 1431 quali,
805 1351 890 1412 certe
911 1369 1015 1412 nouae

14 1434 29 1479 θ’
44 1430 134 1497 laudi
161 1430 300 1495 cederes.
350 1452 461 1495 uerum
488 1431 585 1516 longe
613 1432 739 1495 diuersa
765 1433 800 1497 in
826 1432 917 1496 uobis
946 1435 1015 1496 erat

10 1524 144 1581 sscausa
164 1514 348 1579 declinandi
369 1519 425 1580 aut
446 1515 627 1580 sustinendi
648 1515 773 1580 laboris,
833 1535 1053 1597 uamquam,1s

10 1598 175 1665 &etiamsi
209 1602 314 1663 tutam
349 1600 588 1663 exeusationem
626 1600 742 1663 aetatis
778 1537 922 1680 eflierres,
968 1600 1014 1662 sic

13 1738 17 1743 .
44 1704 172 1769 quoque
193 1684 255 1749 tibi
276 1684 323 1747 rei
344 1683 491 1767 publicae
515 1684 599 1747 curis
621 1704 688 1747 non
710 1687 779 1747 erat
801 1682 1013 1747 abnuendum.

10 1794 18 1817 ·-
47 1788 101 1851 an,
125 1769 154 1833 si
175 1767 335 1833 maximus
357 1769 489 1852 quisque
512 1771 592 1831 natu
612 1767 809 1851 gubernator
831 1767 1014 1830 uectoribus

41 1854 95 1917 est
116 1853 313 1919 certissimus
340 1853 382 1916 ad
404 1855 556 1933 salutem,
577 1874 652 1926 ,non
673 1852 701 1915 is
728 1855 777 1916 est
798 1851 938 1935 optimus
960 1851 1014 1935 qui

44 1936 1052 2105 ttttltittttttt‘ttttttltttttltetlt²⁰

45 2104 87 2171 ad
110 2070 269 2170 sumriram
284 2106 467 2189 perueneris
489 2109 696 2185 senectutem,
719 2108 765 2171 rei
780 2071 928 2190 publicae
942 2106 1015 2191 uela

43 2188 236 2255 wntrahere
263 2211 345 2274 quae
368 2194 433 2255 tarn
456 2189 603 2255 felicibus
631 2192 737 2255 uentis
765 2191 862 2255 etiam
889 2190 1015 2253 iuuenis

44 2274 241 2357 impleueris.
270 2275 326 2339 sed
340 2278 449 2340 tamen
470 2279 643 2358 utcumque
658 2274 708 2337 fas
722 2275 821 2338 fuerit
841 2296 914 2338 eum
929 2273 1015 2355 prin·

11 2360 13 2367 '
45 2358 168 2443 aipein,
196 2380 291 2443 quem
319 2362 397 2424 anni
425 2363 579 2444 cogerent
606 2361 660 2423 aut
682 2357 825 2422 ualitudo
854 2357 1013 2436 deficeret,
1027 2374 1054 2414 aa

11 2472 18 2487 ··
44 2443 191 2526 receptui
212 2464 342 2510 canere:
379 2447 411 2509 te
432 2465 524 2527 uero,
553 2444 589 2506 in
617 2462 680 2524 quo
706 2441 809 2505 adhuc
836 2440 918 2503 istae
940 2442 1016 2502 sunt

45 2524 891 2696 tttttftttq{tuttoetcutttttttttt
912 2524 1016 2673 itit

44 2716 193 2781 sperasse
219 2698 381 2762 miramur.
424 2697 501 2781 quid
523 2696 609 2761 enim
638 2660 723 2760 aliud
746 2693 897 2779 participi
920 2694 1015 2758 maie·

45 2780 142 2847 statis
162 2784 239 2847 tuae
266 2782 342 2847 dare
369 2782 476 2867 potuit
501 2782 628 2846 ueniam
656 2782 771 2864 quietis
798 2801 894 2864 quam
921 2783 957 2843 ut
979 2783 1015 2844 tu
1028 2798 1054 2837 sc

44 2864 185 2949 imperio
207 2866 392 2932 succederes
413 2888 472 2951 pro
495 2865 641 2930 duobus?

116 3038 134 3087 4
154 3036 322 3089 hauriuntur
339 3042 390 3090 del.
408 3040 544 3090 Acidaliae
563 3034 568 3104 Ι
592 3034 650 3103 ant]
676 3044 707 3087 ut
724 3038 780 3086 Bc
805 3035 816 3099 ΙΙ
839 3037 952 3086 {scursa
971 3048 1014 3082 ur·

44 3110 134 3171 gente
149 3104 234 3155 ΒΗ
247 3104 259 3171 fl
272 3108 304 3158 13
321 3122 392 3158 neue
404 3107 550 3157 Liuineius:
568 3121 603 3156 ne
621 3104 668 3156 uel
680 3106 708 3153 Ι
719 3102 728 3168 ΙΙ
745 3106 777 3153 14
795 3103 875 3154 uobis
888 3103 1016 3173 Langicsf¹

43 3186 100 3223 ιιοι
118 3173 146 3220 1
161 3172 235 3223 inter
252 3189 302 3225 uos
320 3175 455 3225 Acidaliae
476 3170 486 3237 l
509 3176 541 3224 16
560 3178 647 3223 tutam
666 3173 836 3221 Arnlzem'ua:
854 3176 938 3219 totam
956 3170 984 3216 Η
1007 3176 1016 3225 ῖῑ

46 3240 82 3291 18
104 3240 266 3291 nemoribus
288 3258 335 3293 ona
357 3245 374 3291 0
397 3242 511 3292 uictoris
533 3240 609 3291 Beer.
631 3240 785 3289 rectoribus
804 3239 825 3285 V
855 3235 865 3303 ll
895 3240 928 3286 20
950 3235 1017 3284 haut

43 3306 156 3359 amau
174 3312 225 3359 ant
241 3310 269 3357 Ι
292 3306 303 3375 ΙΙ
326 3311 359 3361 23
377 3304 461 3375 quae]
482 3324 562 3374 quem
580 3310 597 3356 0
617 3303 622 3372 Ι
643 3302 761 3370 iuuenis]
781 3306 890 3355 ieiunus
909 3305 926 3351 c
950 3300 960 3367 ΙΙ
983 3303 1017 3351 24

44 3372 123 3441 eum]
142 3390 204 3427 eum
222 3378 240 3427 0
259 3375 271 3443 ΙΙ
294 3378 327 3427 26
345 3376 472 3442 receptui
489 3392 591 3427 canere
609 3377 627 3423 0
646 3387 683 3422 w:
701 3378 816 3438 receptu
834 3373 879 3421 hic
896 3384 976 3420 auare
994 3370 1017 3417 Δ

19 3496 25 3509 ,
43 3448 166 3509 receptu
182 3444 310 3495 hicanere
328 3445 350 3492 V
367 3449 495 3509 receptu,
517 3459 563 3495 em.
583 3442 764 3506 hicanere,ll
788 3439 798 3505 ΙΙ
822 3441 854 3490 27
874 3439 947 3504 rigor
966 3441 983 3487 0
1009 3435 1019 3503 ll

44 3510 82 3563 28
99 3511 313 3577 imperatoribus
331 3514 354 3561 Δ
