2406 4012
233 74 446 127 unxrunuo
464 76 512 127 ar
532 37 792 128 consannrruo
811 77 846 126 n.
869 79 945 128 a-a.
1012 75 1072 140 151

93 228 232 290 tantum
252 225 288 288 in
309 226 341 289 te
362 224 479 309 petris,
511 222 739 308 Constantine,
768 224 824 289 sed
846 225 944 289 etiam
971 226 1072 290 conti-

97 309 217 375 nentis
242 308 415 392 fortitudo,
445 309 568 374 iustitia
594 309 764 393 prudentia
792 330 861 374 sese
889 309 973 374 uotis
995 331 1073 394 gen-

96 396 185 459 tium
229 396 426 461 reessntant.

216 527 224 542 .
269 477 434 553 Quomodo
463 477 548 542 enim
575 479 679 563 magis
708 479 940 543 continentiam
969 478 1071 562 patris

97 583 239 647 aequare
253 562 388 646 potuisti
409 583 505 646 quam
527 562 612 646 quod
633 567 665 627 te
687 563 814 647 abipso
836 563 900 629 fine
914 563 1096 647 pueritiaes

98 648 176 712 ilico
197 646 396 711 matrimonii
410 646 535 732 legibus
550 647 735 712 tradidisti?
756 650 792 712 ut
806 649 910 731 primo
925 648 1072 732 ingressu

98 730 339 797 adulescentiae
361 731 515 796 formares
538 732 681 795 animum
704 732 899 814 maritalem,
927 733 1012 796 nihil
1034 733 1072 797 de

98 817 197 965 uagis
214 815 457 963 cupiditatibus,
480 815 617 964 nihsstde
633 816 791 964 epinoesssseis
813 817 910 881 aetati
925 818 1071 913 uolupta-

97 904 190 1049 tbrds
199 921 560 1067 diliraducluldffnitnhdhid
576 904 735 1050 1tisirdrittlsl.t
769 922 841 1068 did,
863 921 984 1048 htudeltl
1006 922 1109 1068 ΐεῗιο

99 1071 211 1133 mente
232 1091 391 1166 praesage
417 1069 566 1133 omnibus
588 1072 620 1133 te
642 1069 854 1134 uerecundiae
876 1069 1071 1135 obseruatio-

99 1153 198 1218 nibus
234 1154 415 1236 1mbuebas,
458 1153 558 1219 talem
594 1157 706 1237 postea
742 1154 894 1218 ducturus
930 1175 1071 1218 uxorem.

97 1238 324 1302 fortitudinem
345 1241 453 1303 autem
473 1237 559 1301 illius
581 1238 647 1302 iam
666 1241 735 1303 tum
757 1239 792 1302 in
805 1238 973 1322 principiis
996 1259 1072 1303 ocn-

99 1326 230 1387 secutus
253 1343 296 1386 es.
340 1322 443 1386 multa
469 1322 523 1386 ille
546 1321 741 1388 Francorum
762 1324 867 1406 milia,
897 1324 952 1407 qui
973 1322 1070 1387 Bata·

98 1406 189 1470 uiam
216 1405 358 1489 aliasque
380 1407 426 1472 cis
448 1406 598 1472 Rhenum
620 1412 722 1472 terras
744 1408 944 1487 inuaserant,
972 1407 1109 1471 inter-15

97 1490 181 1555 fecit
201 1490 337 1573 depulit,
365 1493 451 1574 cepit
473 1491 619 1555 abduxit:
652 1495 688 1555 tu
710 1493 775 1554 iam
797 1491 837 1555 ab
859 1491 937 1574 ipsis
960 1511 1070 1554 eorum

97 1574 1071 1743 {itit,titdimittitemini,titt

98 1744 244 1808 uinxisti.
274 1744 422 1808 liberauit
443 1743 497 1808 ille
512 1742 700 1808 Britannias
724 1744 891 1808 seruitute:
913 1746 950 1807 tu
973 1743 1070 1809 etiam
1114 1786 1116 1790 ι

97 1827 224 1892 nobiles
252 1828 319 1892 illic
347 1829 478 1893 oriendo
503 1827 619 1893 fecisti.
663 1828 818 1912 plurimas
840 1829 895 1892 ille
917 1827 1069 1893 barbaras
1083 1847 1108 1887 so

97 1912 249 1977 nationes
263 1913 407 1977 uictoriis
420 1913 551 1997 domuit,
566 1913 662 1978 uenia
676 1914 853 1997 mitigauit:
868 1912 929 1977 tibi
945 1913 1069 1978 cunctis

97 1995 245 2061 hostibus
274 1996 450 2062 alacritatis
476 2000 550 2062 tuae
573 2002 694 2063 terrore
722 1999 911 2082 compressis
939 1999 1070 2063 interim

97 2080 191 2145 deest
212 2083 346 2145 materia
366 2081 529 2146 uincendi.

164 2164 203 2230 V.
231 2165 393 2230 Iustitiam
415 2187 491 2232 uero
512 2168 614 2250 patris
636 2169 732 2250 atque
754 2167 906 2249 pietatem
930 2165 975 2228 sic
998 2164 1068 2227 imi·

97 2249 182 2315 taris
209 2252 242 2314 et
269 2251 409 2334 sequeris
441 2253 477 2315 ut
505 2252 653 2315 omnibus
680 2251 720 2314 ad
748 2253 780 2313 te
808 2248 1068 2331 confugientibus
1082 2265 1109 2305 ss

98 2334 323 2418 diuersamque
350 2356 445 2418 opem
470 2337 525 2399 aut
552 2339 666 2399 contra
694 2334 830 2397 aliorum
852 2332 987 2396 iniurias
1014 2335 1070 2396 aut

100 2440 160 2502 pro
181 2420 248 2483 suis
270 2420 445 2485 commodis
467 2418 704 2504 postulantibus
727 2416 818 2501 quasi
839 2416 947 2501 legata
967 2416 1069 2500 patris

98 2503 239 2568 uidearis
261 2504 424 2569 exsoluere
446 2505 541 2589 idque
563 2504 669 2586 ipsum
692 2523 797 2567 coram
813 2500 955 2586 gaudeas
968 2522 1068 2650 hprae·

98 2587 209 2670 dicam,
232 2588 383 2672 quicquid
404 2593 439 2653 tu
461 2591 544 2654 iuste
566 2610 604 2653 ao
626 2587 802 2652 liberaliter
819 2586 945 2667 feceris,
992 2586 1069 2650 lium

100 2671 287 2737 Constantii
308 2675 488 2739 necessario
510 2673 717 2757 praestitisse.
746 2694 824 2737 nam
846 2671 922 2756 quid
946 2693 1006 2757 ego
1029 2671 1068 2736 de
1081 2689 1107 2731 ao

98 2756 271 2839 prudentia
299 2755 418 2841 dicam,
447 2779 509 2842 qua
535 2761 567 2823 te
594 2779 696 2841 paene
724 2757 881 2821 credimus
909 2756 978 2820 fore
1000 2757 1069 2838 ipso

123 2843 192 2905 atre
213 2842 394 2924 potiorem?
437 2845 491 2926 qui
513 2845 637 2907 ueteres
664 2842 736 2906 illos
758 2839 922 2905 Romanae
943 2840 991 2904 rei
1010 2860 1069 2921 pu·

97 2862 204 2990 blicae
224 2925 404 3011 principes,
434 2928 631 3011 superiorem
653 2925 843 2990 Africanum
865 2923 1068 3006 Pompeium-

168 3134 185 3182 4
203 3129 345 3198 quomodo]
366 3148 418 3197 quo
437 3135 454 3181 c
472 3134 530 3183 edd.
554 3130 565 3197 ΙΙ
589 3134 622 3182 14
641 3147 670 3182 es
688 3145 725 3179 w:
749 3132 838 3201 estvll
860 3127 870 3194 ΙΙ
895 3130 926 3178 16
944 3123 1067 3194 illorum]

98 3215 194 3249 eorum
212 3202 235 3249 A
251 3198 262 3265 ΙΙ
280 3202 311 3252 19
329 3201 446 3251 iunxisti
463 3202 515 3249 cv
527 3197 537 3265 ΙΙ
554 3202 585 3249 21
604 3200 730 3250 uictoriis
748 3197 852 3248 domuit
869 3212 931 3259 epo:
949 3195 1069 3246 uictores

99 3266 206 3317 domuit
223 3270 246 3317 A
264 3269 355 3319 uictor
374 3267 437 3330 (ras.
456 3271 472 3317 2
490 3269 549 3332 list.)
567 3267 688 3317 edomuit
705 3280 730 3314 w
747 3266 836 3316 uictor
854 3262 959 3313 domuit
975 3264 995 3312 B
1013 3264 1068 3312 ov

98 3335 217 3385 uictoria
236 3335 341 3386 domuit
361 3336 436 3400 Cusp.
461 3334 471 3400 ΙΙ
495 3338 528 3386 30
545 3349 658 3386 necesse
676 3336 699 3383 A
719 3331 723 3398 Ι
745 3331 920 3399 praestitisse
939 3333 1069 3396 Longius:

98 3403 269 3468 praestitisti
286 3404 313 3452 1
