2406 4012
219 57 292 110 PRO
310 56 594 110 RESTAURANDIS
611 58 748 111 SOOLIS.
771 63 878 113 18-21.
972 62 1031 127 131

57 206 134 271 dem
147 206 226 288 illic,
249 206 369 290 utipse
384 206 504 289 uidisti,
529 207 632 287 credo,
655 208 862 273 instruendae
876 212 1032 292 pueritiae

57 313 170 375 causa,
193 311 262 388 quo·
278 290 480 355 manifestius
504 292 604 355 oculis
624 258 825 357 discerentur
847 316 934 392 quae
950 295 1032 360 diffi-

58 377 154 441 cilius
175 375 399 472 percipiuntur
420 374 531 439 auditu
538 425 548 457 ‚
577 378 720 443 omnium
749 399 820 441 cum
847 378 1033 445 nominibus

58 462 125 527 suis
148 459 292 524 locorum
319 459 399 523 situs
428 459 532 542 spatia
560 461 731 525 interualla
733 462 919 608 ¹⁵descripte
945 468 1030 548 sunt,

58 542 213 630 quicquid
240 543 360 627 ubique
387 542 555 608 fluminum
584 546 684 608 oritur
714 549 747 610 et
769 548 926 630 conditur,
955 571 1031 632 quc·
1045 567 1058 607 ι

59 650 197 728 cumque
224 649 258 692 se
286 627 419 692 litorum
448 627 537 691 sinus
559 628 694 692 flectunt
700 651 801 714 ,qua
829 633 881 696 uel
909 634 1031 699 ambitu

58 715 167 779 cint
150 713 296 778 torbem
318 711 370 776 uel
391 711 545 795 impetu
535 713 684 796 rrrumpit
706 736 854 780 oceanus,

206 795 317 861 ,lbi
345 795 594 860 fortissimorum
628 799 858 894 imperatorum
884 799 1031 881 pulcher-

57 884 161 949 rimae
188 846 240 945 res
264 882 377 964 gestae
404 901 462 964 per
489 880 617 944 diuersa
643 881 813 965 regionum
841 886 1031 966 argumenta

57 967 262 1047 recolantur,
296 964 371 1029 dum
398 964 577 1029 calentibus
611 987 797 1050 semperque
828 968 958 1032 uenient
944 968 1029 1033 tibus
1044 989 1070 1028 ιο

57 1015 268 1117 uictoriaruni
295 1049 419 1113 nuntiis
444 1049 629 1114 reuisuntur
650 1052 781 1135 gemina
803 1051 952 1116 Persidos
973 1053 1031 1117 flu-

57 1136 152 1203 mina
173 1137 206 1199 et
222 1134 343 1217 Libyae
365 1155 443 1197 arua
465 1134 609 1198 sitientis
631 1140 663 1199 et
682 1158 824 1200 conuexa
838 1136 946 1200 Rheni
964 1159 1030 1202 cor-

57 1242 128 1285 nua
148 1220 183 1284 et
202 1217 271 1283 Nili
299 1238 356 1281 ora
377 1217 536 1314 multifida
557 1219 694 1318 dumque
717 1221 779 1285 sibi
802 1222 842 1284 erl
864 1221 993 1287 haec
967 1245 1031 1286 sm-

57 1304 140 1401 gulo
160 1303 357 1369 intuentium
385 1302 511 1366 animus
534 1303 619 1367 odfin
621 1306 748 1387 giteut
769 1305 865 1369 subt
851 1309 922 1389 tua,
953 1305 1030 1370 Dio·

59 1388 200 1455 cletiano
216 1388 372 1471 Auguste
330 1387 566 1451 tclementie
589 1389 718 1472 Aegypt
719 1411 773 1452 um
795 1389 903 1453 furore
925 1390 1029 1471 posito
1043 1407 1069 1448 15

81 1473 278 1537 niescontem
311 1474 367 1568 aut
399 1473 446 1553 te,
484 1471 679 1536 Maximiano
711 1473 847 1555 inuicte,
883 1473 1030 1556 perculsa

57 1494 246 1623 isaurorum
269 1555 401 1640 agmins
415 1521 643 1619 fiilminuntem
666 1559 721 1618 aut
741 1556 799 1619 sub
818 1556 948 1621 dextera
964 1559 1029 1639 tua,

59 1640 192 1707 domine
214 1640 400 1722 Constanti,
429 1637 599 1703 Bctauiam
623 1639 889 1724 Britanniamque
911 1642 1030 1726 squali·

59 1725 137 1792 dnm
174 1727 271 1808 ceput
303 1724 393 1788 siluis
429 1727 462 1787 et
496 1723 572 1788 fluct
573 1722 644 1788 ibus
681 1727 863 1789 exerentem
896 1730 951 1790 aut
984 1730 1028 1808 te,

58 1808 256 1877 Muximicne
278 1808 408 1889 Caesar,
434 1807 578 1873 Persicos
601 1831 693 1873 arcus
715 1808 944 1908 pharetrasque
968 1811 1028 1875 cal-
1042 1831 1069 1870 ιο

59 1902 199 1961 cantem.
249 1914 338 1957 nunc
374 1891 474 1976 enim,
511 1915 597 1958 nunc
630 1893 803 1958 demum
794 1899 883 1960 ruuat
869 1895 1029 1960 turbem

59 1982 208 2064 spectare
229 1977 407 2074 depictum,
438 1941 508 2041 crim
536 1978 571 2041 in
592 1978 649 2042 illo
677 1979 759 2043 nihil
781 1979 926 2045 uidemus
954 1981 1028 2045 alie-

57 2084 148 2129 num
191 2062 306 2147 hebes,
333 2061 386 2126 uir
405 2061 655 2146 perfectissime,
686 2063 783 2127 studii
810 2085 846 2128 cc
873 2064 943 2126 uoti
965 2063 1028 2126 mei

57 2113 306 2233 professionem.
347 2146 457 2210 abste
479 2151 553 2229 peto
575 2150 612 2210 ut
633 2169 704 2210 eam
724 2147 876 2210 litterist
862 2147 926 2209 tuis
949 2149 1029 2242 aput

58 2254 169 2298 sacras
191 2253 283 2297 cures
304 2230 452 2314 prosequi
475 2251 539 2294 non
563 2231 717 2314 greueris
750 2230 914 2326 siquidem
928 2229 1028 2293 maxi·
1042 2245 1068 2286 ιι

57 2338 132 2382 mue
153 2337 191 2382 co
208 2338 311 2400 paene
333 2315 419 2379 solus
441 2315 526 2378 fruct
512 2318 564 2377 tus
587 2317 636 2377 est
658 2317 746 2377 recta
775 2312 972 2410 cupientium
993 2317 1030 2377 ut

57 2400 211 2466 uoluntas
247 2420 356 2465 corum
393 2399 434 2462 ad
470 2398 615 2463 diuinam
650 2400 723 2462 tent
724 2418 815 2463 orum
847 2397 1030 2484 principum

58 2486 227 2551 scientiam
247 2484 436 2571 perferatur.

127 2692 145 2739 6
163 2704 217 2756 quc
234 2691 315 2740 AW:
334 2703 370 2754 q
372 2704 388 2738 o
405 2686 575 2737 rchert
593 2684 604 2752 ιΙ
621 2688 662 2738 't'
654 2705 691 2737 rm
713 2692 760 2739 etu
778 2705 823 2740 om
839 2691 856 2743 0
873 2686 884 2753 ΙΙ
903 2691 934 2740 10
952 2704 1028 2739 reco-

57 2758 155 2809 luntur
171 2771 197 2806 v
209 2754 220 2822 ΙΙ
234 2759 265 2808 12
284 2771 409 2807 connexa
421 2756 495 2805 AGV
507 2753 518 2820 ΙΙ
531 2757 564 2806 14
569 2704 710 2821 adfingit}
727 2755 840 2806 adfincit
850 2758 878 2805 ιι
897 2755 986 2805 afficit
1004 2768 1029 2803 ιι

60 2826 74 2891 j!
95 2828 128 2878 15
140 2825 295 2891 Aegyptum
306 2826 380 2875 eun..-
399 2823 514 2888 egipto'
506 2839 536 2872 m
547 2823 575 2872 11
593 2824 687 2871 orbem
705 2823 824 2886 egipto
815 2839 845 2873 m
857 2837 882 2872 w
894 2821 904 2886 ΙΙ
918 2825 949 2871 16
968 2837 1029 2900 per-

57 2892 166 2944 clnscm
182 2894 207 2943 Α
225 2889 292 3011 {1³17
309 2893 465 2943 Maurorum
483 2891 528 2939 W·
550 2905 678 2941 aurorum
694 2890 718 2938 A
729 2891 749 2941 B
761 2893 780 2941 c
792 2892 816 2939 V
831 2886 844 2956 ΙΙ
864 2892 897 2939 26
916 2889 1027 2952 capien-

59 2962 131 3012 tium
149 2966 178 3012 et
194 2961 290 3013 ιιοΔ
