<?xml version="1.0" encoding="UTF-8"?>
<!DOCTYPE html PUBLIC "-//W3C//DTD XHTML 1.0 Transitional//EN"
    "http://www.w3.org/TR/xhtml1/DTD/xhtml1-transitional.dtd">
<html xmlns="http://www.w3.org/1999/xhtml" xml:lang="en" lang="en">
 <head>
  <title>
</title>
<meta http-equiv="Content-Type" content="text/html;charset=utf-8" />
  <meta name='ocr-system' content='tesseract 3.04.00' />
  <meta name='ocr-capabilities' content='ocr_page ocr_carea ocr_par ocr_line ocrx_word'/>
</head>
<body>
  <div class='ocr_page' id='page_1' title='image "./xiipanegyricila01baehgoog_0256.png"; bbox 0 0 2406 4012; ppageno 0'>
   <div class='ocr_carea' id='block_1_1' title="bbox 241 114 1034 183">
    <p class='ocr_par' dir='ltr' id='par_1_1' title="bbox 241 114 1034 183">
     <span class='ocr_line' id='line_1_1' title="bbox 241 114 1034 183; baseline 0.006 -16"><span class='ocrx_word' id='word_1_1' title='bbox 241 114 491 169; x_wconf 66' lang='lat' dir='ltr'>consumamto</span> <span class='ocrx_word' id='word_1_2' title='bbox 509 115 679 169; x_wconf 79' lang='lat' dir='ltr'>AUGUSTO</span> <span class='ocrx_word' id='word_1_3' title='bbox 699 119 733 169; x_wconf 87' lang='lat' dir='ltr'>D.</span> <span class='ocrx_word' id='word_1_4' title='bbox 755 120 862 169; x_wconf 88' lang='grc'>11-14.</span> <span class='ocrx_word' id='word_1_5' title='bbox 972 118 1034 183; x_wconf 81' lang='grc'>223</span> 
     </span>
    </p>
   </div>
   <div class='ocr_carea' id='block_1_2' title="bbox 62 265 1072 2713">
    <p class='ocr_par' dir='ltr' id='par_1_2' title="bbox 62 265 1035 585">
     <span class='ocr_line' id='line_1_2' title="bbox 62 265 1035 334; baseline 0.003 -3"><span class='ocrx_word' id='word_1_6' title='bbox 62 287 146 331; x_wconf 90' lang='lat' dir='ltr'>uero</span> <span class='ocrx_word' id='word_1_7' title='bbox 170 265 504 331; x_wconf 82' lang='lat' dir='ltr'><strong>commendabiliorem</strong></span> <span class='ocrx_word' id='word_1_8' title='bbox 524 267 641 330; x_wconf 89' lang='lat' dir='ltr'>iniuria</span> <span class='ocrx_word' id='word_1_9' title='bbox 660 272 717 331; x_wconf 88' lang='lat' dir='ltr'>tua</span> <span class='ocrx_word' id='word_1_10' title='bbox 738 267 837 332; x_wconf 84' lang='lat' dir='ltr'>faciet</span> <span class='ocrx_word' id='word_1_11' title='bbox 862 269 1035 334; x_wconf 88' lang='lat' dir='ltr'>amentiam</span> 
     </span>
     <span class='ocr_line' id='line_1_3' title="bbox 64 350 1033 434; baseline 0 -18"><span class='ocrx_word' id='word_1_12' title='bbox 64 352 152 416; x_wconf 88' lang='lat' dir='ltr'>eius:</span> <span class='ocrx_word' id='word_1_13' title='bbox 196 350 320 415; x_wconf 90' lang='lat' dir='ltr'>auidius</span> <span class='ocrx_word' id='word_1_14' title='bbox 352 354 503 433; x_wconf 86' lang='lat' dir='ltr'>expetent</span> <span class='ocrx_word' id='word_1_15' title='bbox 535 372 630 434; x_wconf 91' lang='lat' dir='ltr'>quem</span> <span class='ocrx_word' id='word_1_16' title='bbox 687 352 790 416; x_wconf 88' lang='lat' dir='ltr'>ictura</span> <span class='ocrx_word' id='word_1_17' title='bbox 820 373 886 416; x_wconf 89' lang='lat' dir='ltr'>non</span> <span class='ocrx_word' id='word_1_18' title='bbox 920 352 1033 417; x_wconf 88' lang='lat' dir='ltr'>reddit.</span> 
     </span>
     <span class='ocr_line' id='line_1_4' title="bbox 62 374 1035 520; baseline 0.002 -21"><span class='ocrx_word' id='word_1_19' title='bbox 62 435 278 520; x_wconf 84' lang='lat' dir='ltr'>flagrantiora</span> <span class='ocrx_word' id='word_1_20' title='bbox 299 438 375 498; x_wconf 82' lang='lat' dir='ltr'>sunt</span> <span class='ocrx_word' id='word_1_21' title='bbox 397 434 576 499; x_wconf 87' lang='lat' dir='ltr'>animorum</span> <span class='ocrx_word' id='word_1_22' title='bbox 592 374 757 519; x_wconf 82' lang='lat' dir='ltr'>desideria,</span> <span class='ocrx_word' id='word_1_23' title='bbox 781 458 853 500; x_wconf 90' lang='lat' dir='ltr'>oum</span> <span class='ocrx_word' id='word_1_24' title='bbox 871 438 1035 501; x_wconf 87' lang='lat' dir='ltr'>oculorum</span> 
     </span>
     <span class='ocr_line' id='line_1_5' title="bbox 64 518 421 585; baseline -0.008 -1"><span class='ocrx_word' id='word_1_25' title='bbox 64 519 183 585; x_wconf 83' lang='lat' dir='ltr'>solatia</span> <span class='ocrx_word' id='word_1_26' title='bbox 228 518 421 583; x_wconf 89' lang='lat' dir='ltr'>erdiderunt.</span> 
     </span>
    </p>

    <p class='ocr_par' dir='ltr' id='par_1_3' title="bbox 62 602 1072 2205">
     <span class='ocr_line' id='line_1_6' title="bbox 130 602 1060 689; baseline -0.002 -21"><span class='ocrx_word' id='word_1_27' title='bbox 130 602 179 668; x_wconf 89' lang='lat' dir='ltr'>XI</span> <span class='ocrx_word' id='word_1_28' title='bbox 214 653 221 667; x_wconf 93' lang='lat'><strong>.</strong></span> <span class='ocrx_word' id='word_1_29' title='bbox 243 602 334 669; x_wconf 89' lang='lat' dir='ltr'>Nihil</span> <span class='ocrx_word' id='word_1_30' title='bbox 345 603 489 686; x_wconf 84' lang='lat' dir='ltr'>profecto</span> <span class='ocrx_word' id='word_1_31' title='bbox 500 604 643 689; x_wconf 88' lang='lat' dir='ltr'>grauius,</span> <span class='ocrx_word' id='word_1_32' title='bbox 658 605 741 669; x_wconf 89' lang='lat' dir='ltr'>nihil</span> <span class='ocrx_word' id='word_1_33' title='bbox 753 607 908 686; x_wconf 90' lang='lat' dir='ltr'>miserius,</span> <span class='ocrx_word' id='word_1_34' title='bbox 921 605 1033 687; x_wconf 88' lang='lat' dir='ltr'>Roma,</span> <span class='ocrx_word' id='word_1_35' title='bbox 1047 626 1060 666; x_wconf 79' lang='lat' dir='ltr'>s</span> 
     </span>
     <span class='ocr_line' id='line_1_7' title="bbox 64 687 1036 776; baseline 0.002 -23"><span class='ocrx_word' id='word_1_36' title='bbox 64 688 207 753; x_wconf 85' lang='lat' dir='ltr'>doluisti.</span> <span class='ocrx_word' id='word_1_37' title='bbox 245 687 390 772; x_wconf 90' lang='lat' dir='ltr'>quamuis</span> <span class='ocrx_word' id='word_1_38' title='bbox 411 689 575 752; x_wconf 73' lang='lat' dir='ltr'>recondite</span> <span class='ocrx_word' id='word_1_39' title='bbox 600 687 686 776; x_wconf 87' lang='lat' dir='ltr'>[alte]</span> <span class='ocrx_word' id='word_1_40' title='bbox 710 690 814 774; x_wconf 85' lang='lat' dir='ltr'>magis</span> <span class='ocrx_word' id='word_1_41' title='bbox 861 712 981 754; x_wconf 89' lang='lat' dir='ltr'>emeres</span> <span class='ocrx_word' id='word_1_42' title='bbox 1004 699 1036 755; x_wconf 88' lang='lat' dir='ltr'>et</span> 
     </span>
     <span class='ocr_line' id='line_1_8' title="bbox 63 712 1035 857; baseline 0.001 -20"><span class='ocrx_word' id='word_1_43' title='bbox 63 774 210 857; x_wconf 84' lang='lat' dir='ltr'>ingestos</span> <span class='ocrx_word' id='word_1_44' title='bbox 239 772 355 836; x_wconf 84' lang='lat' dir='ltr'>cotidie</span> <span class='ocrx_word' id='word_1_45' title='bbox 382 773 486 836; x_wconf 87' lang='lat' dir='ltr'>luctus</span> <span class='ocrx_word' id='word_1_46' title='bbox 515 772 597 836; x_wconf 90' lang='lat' dir='ltr'>callo</span> <span class='ocrx_word' id='word_1_47' title='bbox 620 773 758 856; x_wconf 90' lang='lat' dir='ltr'>quodam</span> <span class='ocrx_word' id='word_1_48' title='bbox 786 712 960 838; x_wconf 67' lang='lat' dir='ltr'>obduratae</span> <span class='ocrx_word' id='word_1_49' title='bbox 981 798 1035 857; x_wconf 91' lang='lat' dir='ltr'>pa·</span> 
     </span>
     <span class='ocr_line' id='line_1_9' title="bbox 63 855 1036 938; baseline 0 -16"><span class='ocrx_word' id='word_1_50' title='bbox 63 858 200 923; x_wconf 88' lang='lat' dir='ltr'>tientiae</span> <span class='ocrx_word' id='word_1_51' title='bbox 237 857 426 938; x_wconf 76' lang='lat' dir='ltr'>sustineres,</span> <span class='ocrx_word' id='word_1_52' title='bbox 465 855 631 921; x_wconf 88' lang='lat' dir='ltr'>confessus</span> <span class='ocrx_word' id='word_1_53' title='bbox 669 861 717 921; x_wconf 88' lang='lat' dir='ltr'>cst</span> <span class='ocrx_word' id='word_1_54' title='bbox 754 879 787 921; x_wconf 91' lang='lat' dir='ltr'>se</span> <span class='ocrx_word' id='word_1_55' title='bbox 824 858 1036 922; x_wconf 75' lang='lat' dir='ltr'>inconsultior</span> 
     </span>
     <span class='ocr_line' id='line_1_10' title="bbox 64 939 1034 1026; baseline 0.001 -21"><span class='ocrx_word' id='word_1_56' title='bbox 64 939 159 1006; x_wconf 91' lang='lat' dir='ltr'>dolor</span> <span class='ocrx_word' id='word_1_57' title='bbox 185 962 245 1005; x_wconf 89' lang='lat' dir='ltr'>nec</span> <span class='ocrx_word' id='word_1_58' title='bbox 271 941 380 1005; x_wconf 88' lang='lat' dir='ltr'>timuit</span> <span class='ocrx_word' id='word_1_59' title='bbox 406 940 615 1023; x_wconf 88' lang='lat' dir='ltr'>deprehendi,</span> <span class='ocrx_word' id='word_1_60' title='bbox 645 942 677 1005; x_wconf 92' lang='lat' dir='ltr'>et</span> <span class='ocrx_word' id='word_1_61' title='bbox 704 941 786 1004; x_wconf 91' lang='lat' dir='ltr'>male</span> <span class='ocrx_word' id='word_1_62' title='bbox 815 942 913 1006; x_wconf 90' lang='lat' dir='ltr'>clausi</span> <span class='ocrx_word' id='word_1_63' title='bbox 940 942 1034 1026; x_wconf 88' lang='lat' dir='ltr'>signa</span> 
     </span>
     <span class='ocr_line' id='line_1_11' title="bbox 63 1025 1071 1109; baseline 0 -19"><span class='ocrx_word' id='word_1_64' title='bbox 63 1025 220 1090; x_wconf 89' lang='lat' dir='ltr'>maeroris</span> <span class='ocrx_word' id='word_1_65' title='bbox 234 1047 292 1109; x_wconf 87' lang='lat' dir='ltr'>per</span> <span class='ocrx_word' id='word_1_66' title='bbox 306 1026 413 1090; x_wconf 90' lang='lat' dir='ltr'>uultus</span> <span class='ocrx_word' id='word_1_67' title='bbox 428 1025 549 1090; x_wconf 89' lang='lat' dir='ltr'>indices</span> <span class='ocrx_word' id='word_1_68' title='bbox 565 1026 719 1090; x_wconf 85' lang='lat' dir='ltr'>exierunt.</span> <span class='ocrx_word' id='word_1_69' title='bbox 743 1025 804 1091; x_wconf 89' lang='lat' dir='ltr'>hoc</span> <span class='ocrx_word' id='word_1_70' title='bbox 820 1027 914 1109; x_wconf 91' lang='lat' dir='ltr'>enim,</span> <span class='ocrx_word' id='word_1_71' title='bbox 933 1025 1034 1090; x_wconf 89' lang='lat' dir='ltr'>Roma</span> <span class='ocrx_word' id='word_1_72' title='bbox 1047 1045 1071 1084; x_wconf 78' lang='grc' dir='ltr'>ιο</span> 
     </span>
     <span class='ocr_line' id='line_1_12' title="bbox 63 1109 1034 1193; baseline 0.001 -19"><span class='ocrx_word' id='word_1_73' title='bbox 63 1114 118 1175; x_wconf 86' lang='lat' dir='ltr'>tot</span> <span class='ocrx_word' id='word_1_74' title='bbox 138 1110 324 1174; x_wconf 90' lang='lat' dir='ltr'>uulneribus</span> <span class='ocrx_word' id='word_1_75' title='bbox 347 1110 463 1193; x_wconf 87' lang='lat' dir='ltr'>saucia,</span> <span class='ocrx_word' id='word_1_76' title='bbox 487 1109 644 1174; x_wconf 88' lang='lat' dir='ltr'>uindicari</span> <span class='ocrx_word' id='word_1_77' title='bbox 665 1111 806 1193; x_wconf 77' lang='lat' dir='ltr'>uolebaS,</span> <span class='ocrx_word' id='word_1_78' title='bbox 832 1133 902 1175; x_wconf 86' lang='lat' dir='ltr'>eum</span> <span class='ocrx_word' id='word_1_79' title='bbox 924 1114 1034 1175; x_wconf 91' lang='lat' dir='ltr'>tamen</span> 
     </span>
     <span class='ocr_line' id='line_1_13' title="bbox 63 1194 1034 1279; baseline 0 -20"><span class='ocrx_word' id='word_1_80' title='bbox 63 1195 360 1279; x_wconf 86' lang='lat' dir='ltr'>praestantissimus</span> <span class='ocrx_word' id='word_1_81' title='bbox 392 1194 543 1278; x_wconf 89' lang='lat' dir='ltr'>princeps</span> <span class='ocrx_word' id='word_1_82' title='bbox 577 1195 711 1259; x_wconf 91' lang='lat' dir='ltr'>iniuriae</span> <span class='ocrx_word' id='word_1_83' title='bbox 745 1217 821 1259; x_wconf 88' lang='lat' dir='ltr'>suae</span> <span class='ocrx_word' id='word_1_84' title='bbox 857 1195 1034 1279; x_wconf 81' lang='lat' dir='ltr'>neglegens</span> 
     </span>
     <span class='ocr_line' id='line_1_14' title="bbox 63 1278 1034 1364; baseline 0.002 -21"><span class='ocrx_word' id='word_1_85' title='bbox 63 1278 178 1344; x_wconf 89' lang='lat' dir='ltr'>ulcisci</span> <span class='ocrx_word' id='word_1_86' title='bbox 200 1282 271 1343; x_wconf 89' lang='lat' dir='ltr'>tuas</span> <span class='ocrx_word' id='word_1_87' title='bbox 292 1278 412 1343; x_wconf 83' lang='lat' dir='ltr'>mallet.</span> <span class='ocrx_word' id='word_1_88' title='bbox 441 1278 486 1342; x_wconf 87' lang='lat' dir='ltr'>ita</span> <span class='ocrx_word' id='word_1_89' title='bbox 508 1280 613 1363; x_wconf 90' lang='lat' dir='ltr'>ambo,</span> <span class='ocrx_word' id='word_1_90' title='bbox 636 1279 770 1364; x_wconf 86' lang='lat' dir='ltr'>benigni</span> <span class='ocrx_word' id='word_1_91' title='bbox 790 1280 1034 1345; x_wconf 89' lang='lat' dir='ltr'>ratiocinatores</span> 
     </span>
     <span class='ocr_line' id='line_1_15' title="bbox 64 1363 1033 1448; baseline -0.001 -20"><span class='ocrx_word' id='word_1_92' title='bbox 64 1363 256 1447; x_wconf 86' lang='lat' dir='ltr'>officiorum,</span> <span class='ocrx_word' id='word_1_93' title='bbox 278 1363 368 1447; x_wconf 88' lang='lat' dir='ltr'>paria</span> <span class='ocrx_word' id='word_1_94' title='bbox 390 1363 528 1427; x_wconf 83' lang='lat' dir='ltr'>fecistis:</span> <span class='ocrx_word' id='word_1_95' title='bbox 561 1366 598 1427; x_wconf 90' lang='lat' dir='ltr'>tu</span> <span class='ocrx_word' id='word_1_96' title='bbox 619 1367 694 1428; x_wconf 94' lang='lat' dir='ltr'>uoto</span> <span class='ocrx_word' id='word_1_97' title='bbox 718 1386 780 1446; x_wconf 92' lang='lat' dir='ltr'>quo</span> <span class='ocrx_word' id='word_1_98' title='bbox 803 1365 870 1427; x_wconf 90' lang='lat' dir='ltr'>solo</span> <span class='ocrx_word' id='word_1_99' title='bbox 892 1365 1033 1448; x_wconf 90' lang='lat' dir='ltr'>ualebas,</span> 
     </span>
     <span class='ocr_line' id='line_1_16' title="bbox 63 1447 1072 1531; baseline -0.001 -19"><span class='ocrx_word' id='word_1_100' title='bbox 63 1448 121 1512; x_wconf 90' lang='lat' dir='ltr'>ille</span> <span class='ocrx_word' id='word_1_101' title='bbox 143 1469 251 1512; x_wconf 89' lang='lat' dir='ltr'>amore</span> <span class='ocrx_word' id='word_1_102' title='bbox 271 1448 391 1531; x_wconf 85' lang='lat' dir='ltr'>pariter</span> <span class='ocrx_word' id='word_1_103' title='bbox 420 1449 452 1511; x_wconf 94' lang='lat' dir='ltr'>et</span> <span class='ocrx_word' id='word_1_104' title='bbox 473 1447 640 1527; x_wconf 75' lang='lat' dir='ltr'>facultate,</span> <span class='ocrx_word' id='word_1_105' title='bbox 670 1451 707 1510; x_wconf 91' lang='lat' dir='ltr'>ut</span> <span class='ocrx_word' id='word_1_106' title='bbox 728 1451 853 1511; x_wconf 87' lang='lat' dir='ltr'>tantum</span> <span class='ocrx_word' id='word_1_107' title='bbox 876 1448 1072 1511; x_wconf 78' lang='lat' dir='ltr'>bonorum1o</span> 
     </span>
     <span class='ocr_line' id='line_1_17' title="bbox 63 1531 1032 1614; baseline -0.001 -18"><span class='ocrx_word' id='word_1_108' title='bbox 63 1532 126 1597; x_wconf 88' lang='lat' dir='ltr'>tibi</span> <span class='ocrx_word' id='word_1_109' title='bbox 158 1532 314 1596; x_wconf 82' lang='lat' dir='ltr'>tribueret</span> <span class='ocrx_word' id='word_1_110' title='bbox 345 1534 498 1614; x_wconf 91' lang='lat' dir='ltr'>quantum</span> <span class='ocrx_word' id='word_1_111' title='bbox 534 1535 566 1595; x_wconf 85' lang='lat' dir='ltr'>te</span> <span class='ocrx_word' id='word_1_112' title='bbox 598 1531 660 1595; x_wconf 92' lang='lat' dir='ltr'>sibi</span> <span class='ocrx_word' id='word_1_113' title='bbox 695 1532 776 1595; x_wconf 90' lang='lat' dir='ltr'>uelle</span> <span class='ocrx_word' id='word_1_114' title='bbox 815 1535 1032 1614; x_wconf 84' lang='lat' dir='ltr'>cognosceret.</span> 
     </span>
     <span class='ocr_line' id='line_1_18' title="bbox 63 1614 1034 1713; baseline -0.003 -32"><span class='ocrx_word' id='word_1_115' title='bbox 63 1617 220 1701; x_wconf 76' lang='lat' dir='ltr'>pugnasti</span> <span class='ocrx_word' id='word_1_116' title='bbox 240 1616 349 1713; x_wconf 83' lang='lat' dir='ltr'>igitur,</span> <span class='ocrx_word' id='word_1_117' title='bbox 373 1616 557 1699; x_wconf 87' lang='lat' dir='ltr'>imperator,</span> <span class='ocrx_word' id='word_1_118' title='bbox 581 1618 708 1679; x_wconf 90' lang='lat' dir='ltr'>coactus</span> <span class='ocrx_word' id='word_1_119' title='bbox 731 1615 868 1699; x_wconf 83' lang='lat' dir='ltr'>quidam,</span> <span class='ocrx_word' id='word_1_120' title='bbox 895 1614 950 1678; x_wconf 79' lang='lat' dir='ltr'>sed</span> <span class='ocrx_word' id='word_1_121' title='bbox 972 1615 1034 1679; x_wconf 91' lang='lat' dir='ltr'>hoc</span> 
     </span>
     <span class='ocr_line' id='line_1_19' title="bbox 63 1699 1031 1783; baseline -0.001 -18"><span class='ocrx_word' id='word_1_122' title='bbox 63 1701 204 1765; x_wconf 82' lang='lat' dir='ltr'>maxime</span> <span class='ocrx_word' id='word_1_123' title='bbox 236 1700 403 1764; x_wconf 84' lang='lat' dir='ltr'>materiam</span> <span class='ocrx_word' id='word_1_124' title='bbox 436 1701 581 1763; x_wconf 89' lang='lat' dir='ltr'>meruisti</span> <span class='ocrx_word' id='word_1_125' title='bbox 615 1699 690 1783; x_wconf 90' lang='lat' dir='ltr'>quia</span> <span class='ocrx_word' id='word_1_126' title='bbox 722 1721 790 1763; x_wconf 91' lang='lat' dir='ltr'>non</span> <span class='ocrx_word' id='word_1_127' title='bbox 819 1699 1031 1764; x_wconf 80' lang='lat' dir='ltr'>desiderabas.</span> 
     </span>
     <span class='ocr_line' id='line_1_20' title="bbox 64 1784 1033 1869; baseline -0.001 -20"><span class='ocrx_word' id='word_1_128' title='bbox 64 1785 185 1868; x_wconf 80' lang='lat' dir='ltr'>optasti</span> <span class='ocrx_word' id='word_1_129' title='bbox 206 1806 327 1869; x_wconf 86' lang='lat' dir='ltr'>pacem,</span> <span class='ocrx_word' id='word_1_130' title='bbox 350 1785 405 1848; x_wconf 88' lang='lat' dir='ltr'>sed</span> <span class='ocrx_word' id='word_1_131' title='bbox 427 1785 559 1868; x_wconf 86' lang='lat' dir='ltr'>ignosce</span> <span class='ocrx_word' id='word_1_132' title='bbox 582 1784 609 1848; x_wconf 90' lang='lat' dir='ltr'>si</span> <span class='ocrx_word' id='word_1_133' title='bbox 624 1784 695 1868; x_wconf 91' lang='lat' dir='ltr'>plus</span> <span class='ocrx_word' id='word_1_134' title='bbox 717 1784 860 1848; x_wconf 92' lang='lat' dir='ltr'>omnium</span> <span class='ocrx_word' id='word_1_135' title='bbox 882 1787 958 1848; x_wconf 92' lang='lat' dir='ltr'>uota</span> <span class='ocrx_word' id='word_1_136' title='bbox 980 1806 1033 1848; x_wconf 87' lang='lat' dir='ltr'>ua·</span> 
     </span>
     <span class='ocr_line' id='line_1_21' title="bbox 62 1868 1071 1953; baseline -0.005 -20"><span class='ocrx_word' id='word_1_137' title='bbox 62 1870 203 1935; x_wconf 86' lang='lat' dir='ltr'>luerunt.</span> <span class='ocrx_word' id='word_1_138' title='bbox 247 1890 307 1933; x_wconf 89' lang='lat' dir='ltr'>nec</span> <span class='ocrx_word' id='word_1_139' title='bbox 328 1868 386 1932; x_wconf 92' lang='lat' dir='ltr'>illa</span> <span class='ocrx_word' id='word_1_140' title='bbox 409 1868 560 1933; x_wconf 90' lang='lat' dir='ltr'>diuinitas</span> <span class='ocrx_word' id='word_1_141' title='bbox 586 1869 803 1934; x_wconf 86' lang='lat' dir='ltr'>obsecundare</span> <span class='ocrx_word' id='word_1_142' title='bbox 826 1869 946 1953; x_wconf 85' lang='lat' dir='ltr'>coeptis</span> <span class='ocrx_word' id='word_1_143' title='bbox 970 1870 1033 1934; x_wconf 89' lang='lat' dir='ltr'>tuis</span> <span class='ocrx_word' id='word_1_144' title='bbox 1046 1889 1071 1928; x_wconf 81' lang='lat' dir='ltr'>so</span> 
     </span>
     <span class='ocr_line' id='line_1_22' title="bbox 64 1953 1035 2038; baseline 0 -20"><span class='ocrx_word' id='word_1_145' title='bbox 64 1954 162 2019; x_wconf 88' lang='lat' dir='ltr'>solita</span> <span class='ocrx_word' id='word_1_146' title='bbox 182 1954 218 2017; x_wconf 93' lang='lat' dir='ltr'>in</span> <span class='ocrx_word' id='word_1_147' title='bbox 239 1953 300 2017; x_wconf 90' lang='lat' dir='ltr'>hoo</span> <span class='ocrx_word' id='word_1_148' title='bbox 320 1953 407 2016; x_wconf 86' lang='lat' dir='ltr'>refra</span> <span class='ocrx_word' id='word_1_149' title='bbox 432 1955 485 2017; x_wconf 89' lang='lat' dir='ltr'>ata</span> <span class='ocrx_word' id='word_1_150' title='bbox 507 1957 565 2037; x_wconf 89' lang='lat' dir='ltr'>est,</span> <span class='ocrx_word' id='word_1_151' title='bbox 592 1955 647 2018; x_wconf 91' lang='lat' dir='ltr'>sed</span> <span class='ocrx_word' id='word_1_152' title='bbox 670 1955 789 2038; x_wconf 89' lang='lat' dir='ltr'>aliquid</span> <span class='ocrx_word' id='word_1_153' title='bbox 811 1976 850 2019; x_wconf 86' lang='lat' dir='ltr'>cx</span> <span class='ocrx_word' id='word_1_154' title='bbox 873 1956 1035 2019; x_wconf 89' lang='lat' dir='ltr'>sententia</span> 
     </span>
     <span class='ocr_line' id='line_1_23' title="bbox 62 1973 1034 2122; baseline -0.002 -19"><span class='ocrx_word' id='word_1_155' title='bbox 62 2042 120 2103; x_wconf 87' lang='lat' dir='ltr'>tua</span> <span class='ocrx_word' id='word_1_156' title='bbox 141 2059 207 2102; x_wconf 90' lang='lat' dir='ltr'>non</span> <span class='ocrx_word' id='word_1_157' title='bbox 230 2037 318 2101; x_wconf 84' lang='lat' dir='ltr'>dedit</span> <span class='ocrx_word' id='word_1_158' title='bbox 338 2041 375 2101; x_wconf 91' lang='lat' dir='ltr'>ut</span> <span class='ocrx_word' id='word_1_159' title='bbox 394 1973 466 2120; x_wconf 70' lang='lat' dir='ltr'>plus</span> <span class='ocrx_word' id='word_1_160' title='bbox 488 2060 546 2121; x_wconf 88' lang='lat' dir='ltr'>pro</span> <span class='ocrx_word' id='word_1_161' title='bbox 568 2039 692 2103; x_wconf 89' lang='lat' dir='ltr'>meritis</span> <span class='ocrx_word' id='word_1_162' title='bbox 714 2040 820 2103; x_wconf 89' lang='lat' dir='ltr'>iniret.</span> <span class='ocrx_word' id='word_1_163' title='bbox 848 2042 969 2122; x_wconf 85' lang='lat' dir='ltr'>negata</span> <span class='ocrx_word' id='word_1_164' title='bbox 986 2041 1034 2102; x_wconf 92' lang='lat' dir='ltr'>est</span> 
     </span>
     <span class='ocr_line' id='line_1_24' title="bbox 64 2122 700 2205; baseline -0.006 -16"><span class='ocrx_word' id='word_1_165' title='bbox 64 2122 236 2189; x_wconf 86' lang='lat' dir='ltr'>concordia</span> <span class='ocrx_word' id='word_1_166' title='bbox 258 2122 308 2186; x_wconf 90' lang='lat' dir='ltr'>oui</span> <span class='ocrx_word' id='word_1_167' title='bbox 331 2126 401 2186; x_wconf 89' lang='lat' dir='ltr'>erat</span> <span class='ocrx_word' id='word_1_168' title='bbox 422 2126 535 2205; x_wconf 89' lang='lat' dir='ltr'>parata</span> <span class='ocrx_word' id='word_1_169' title='bbox 557 2123 700 2188; x_wconf 90' lang='lat' dir='ltr'>uictoria.</span> 
     </span>
    </p>

    <p class='ocr_par' dir='ltr' id='par_1_4' title="bbox 62 2205 1071 2713">
     <span class='ocr_line' id='line_1_25' title="bbox 127 2205 1033 2289; baseline -0.003 -18"><span class='ocrx_word' id='word_1_170' title='bbox 127 2205 216 2272; x_wconf 90' lang='lat' dir='ltr'>XIV.</span> <span class='ocrx_word' id='word_1_171' title='bbox 266 2205 306 2271; x_wconf 92' lang='lat' dir='ltr'>In</span> <span class='ocrx_word' id='word_1_172' title='bbox 338 2227 391 2270; x_wconf 87' lang='lat' dir='ltr'>ore</span> <span class='ocrx_word' id='word_1_173' title='bbox 424 2207 560 2289; x_wconf 88' lang='lat' dir='ltr'>denique</span> <span class='ocrx_word' id='word_1_174' title='bbox 593 2211 643 2271; x_wconf 90' lang='lat' dir='ltr'>est</span> <span class='ocrx_word' id='word_1_175' title='bbox 677 2206 821 2269; x_wconf 92' lang='lat' dir='ltr'>omnium</span> <span class='ocrx_word' id='word_1_176' title='bbox 855 2205 1033 2269; x_wconf 83' lang='lat' dir='ltr'>Galliarum</span> 
     </span>
     <span class='ocr_line' id='line_1_26' title="bbox 63 2288 1071 2375; baseline -0.005 -17"><span class='ocrx_word' id='word_1_177' title='bbox 63 2293 224 2358; x_wconf 86' lang='lat' dir='ltr'>exercitus</span> <span class='ocrx_word' id='word_1_178' title='bbox 245 2291 333 2355; x_wconf 88' lang='lat' dir='ltr'>uisos</span> <span class='ocrx_word' id='word_1_179' title='bbox 355 2291 409 2375; x_wconf 91' lang='lat' dir='ltr'>qui</span> <span class='ocrx_word' id='word_1_180' title='bbox 432 2312 466 2354; x_wconf 88' lang='lat' dir='ltr'>se</span> <span class='ocrx_word' id='word_1_181' title='bbox 489 2290 644 2354; x_wconf 90' lang='lat' dir='ltr'>diuinitus</span> <span class='ocrx_word' id='word_1_182' title='bbox 666 2289 782 2353; x_wconf 88' lang='lat' dir='ltr'>missos</span> <span class='ocrx_word' id='word_1_183' title='bbox 804 2309 882 2372; x_wconf 90' lang='lat' dir='ltr'>prae</span> <span class='ocrx_word' id='word_1_184' title='bbox 904 2310 937 2352; x_wconf 90' lang='lat' dir='ltr'>se</span> <span class='ocrx_word' id='word_1_185' title='bbox 952 2288 1071 2353; x_wconf 78' lang='lat' dir='ltr'>fere-25</span> 
     </span>
     <span class='ocr_line' id='line_1_27' title="bbox 62 2372 1033 2459; baseline -0.005 -18"><span class='ocrx_word' id='word_1_186' title='bbox 62 2377 155 2441; x_wconf 87' lang='lat' dir='ltr'>bant.</span> <span class='ocrx_word' id='word_1_187' title='bbox 185 2379 218 2441; x_wconf 90' lang='lat' dir='ltr'>et</span> <span class='ocrx_word' id='word_1_188' title='bbox 239 2377 385 2459; x_wconf 87' lang='lat' dir='ltr'>quamuis</span> <span class='ocrx_word' id='word_1_189' title='bbox 408 2375 558 2439; x_wconf 85' lang='lat' dir='ltr'>caelestia</span> <span class='ocrx_word' id='word_1_190' title='bbox 580 2376 639 2439; x_wconf 91' lang='lat' dir='ltr'>sub</span> <span class='ocrx_word' id='word_1_191' title='bbox 661 2374 769 2438; x_wconf 91' lang='lat' dir='ltr'>oculos</span> <span class='ocrx_word' id='word_1_192' title='bbox 792 2372 958 2437; x_wconf 92' lang='lat' dir='ltr'>hominum</span> <span class='ocrx_word' id='word_1_193' title='bbox 980 2395 1033 2437; x_wconf 92' lang='lat' dir='ltr'>ue-</span> 
     </span>
     <span class='ocr_line' id='line_1_28' title="bbox 62 2458 1032 2543; baseline -0.005 -17"><span class='ocrx_word' id='word_1_194' title='bbox 62 2461 134 2527; x_wconf 88' lang='lat' dir='ltr'>nire</span> <span class='ocrx_word' id='word_1_195' title='bbox 155 2482 224 2525; x_wconf 90' lang='lat' dir='ltr'>non</span> <span class='ocrx_word' id='word_1_196' title='bbox 245 2460 369 2524; x_wconf 89' lang='lat' dir='ltr'>soleant</span> <span class='ocrx_word' id='word_1_197' title='bbox 390 2459 475 2543; x_wconf 90' lang='lat' dir='ltr'>quod</span> <span class='ocrx_word' id='word_1_198' title='bbox 498 2480 637 2523; x_wconf 88' lang='lat' dir='ltr'>crassam</span> <span class='ocrx_word' id='word_1_199' title='bbox 660 2462 692 2522; x_wconf 92' lang='lat' dir='ltr'>et</span> <span class='ocrx_word' id='word_1_200' title='bbox 713 2458 908 2541; x_wconf 85' lang='lat' dir='ltr'>caligantem</span> <span class='ocrx_word' id='word_1_201' title='bbox 931 2458 1032 2522; x_wconf 89' lang='lat' dir='ltr'>aciem</span> 
     </span>
     <span class='ocr_line' id='line_1_29' title="bbox 62 2543 1033 2694; baseline -0.003 -84"><span class='ocrx_word' id='word_1_202' title='bbox 62 2544 201 2694; x_wconf 64' lang='lat' dir='ltr'>silmplpx</span> <span class='ocrx_word' id='word_1_203' title='bbox 221 2543 277 2694; x_wconf 63' lang='lat' dir='ltr'>irps</span> <span class='ocrx_word' id='word_1_204' title='bbox 299 2545 543 2693; x_wconf 54' lang='lat' dir='ltr'>ppmmconoretlaa</span> <span class='ocrx_word' id='word_1_205' title='bbox 561 2543 749 2693; x_wconf 55' lang='grc' dir='ltr'>ἔηὺεῐειῖήῇει</span> <span class='ocrx_word' id='word_1_206' title='bbox 770 2544 1033 2693; x_wconf 71' lang='lat' dir='ltr'>naturaedtenuis</span> 
     </span>
     <span class='ocr_line' id='line_1_30' title="bbox 63 2649 1032 2713; baseline -0.001 -20"><span class='ocrx_word' id='word_1_207' title='bbox 63 2650 117 2693; x_wconf 84' lang='lat' dir='ltr'>eu</span> <span class='ocrx_word' id='word_1_208' title='bbox 139 2650 190 2693; x_wconf 86' lang='lat' dir='ltr'>a:</span> <span class='ocrx_word' id='word_1_209' title='bbox 227 2652 274 2694; x_wconf 91' lang='lat'>11</span> <span class='ocrx_word' id='word_1_210' title='bbox 369 2650 410 2694; x_wconf 89' lang='lat' dir='ltr'>en</span> <span class='ocrx_word' id='word_1_211' title='bbox 442 2650 561 2694; x_wconf 82' lang='lat' dir='ltr'>auxria</span> <span class='ocrx_word' id='word_1_212' title='bbox 577 2650 647 2696; x_wconf 89' lang='lat' dir='ltr'>ores</span> <span class='ocrx_word' id='word_1_213' title='bbox 690 2651 723 2693; x_wconf 92' lang='lat' dir='ltr'>u1</span> <span class='ocrx_word' id='word_1_214' title='bbox 757 2650 856 2713; x_wconf 82' lang='lat' dir='ltr'>aspici</span> <span class='ocrx_word' id='word_1_215' title='bbox 890 2649 1032 2712; x_wconf 85' lang='lat' dir='ltr'>amque</span> 
     </span>
    </p>
   </div>
   <div class='ocr_carea' id='block_1_3' title="bbox 101 2802 269 2810">
    <p class='ocr_par' dir='ltr' id='par_1_5' title="bbox 101 2802 269 2810">
     <span class='ocr_line' id='line_1_31' title="bbox 101 2802 269 2810; baseline 0.006 -1"><span class='ocrx_word' id='word_1_216' title='bbox 101 2802 127 2809; x_wconf 82' lang='lat'>--</span> <span class='ocrx_word' id='word_1_217' title='bbox 132 2802 269 2810; x_wconf 73' lang='lat'>——---</span> 
     </span>
    </p>
   </div>
   <div class='ocr_carea' id='block_1_4' title="bbox 58 2896 1034 3510">
    <p class='ocr_par' dir='ltr' id='par_1_6' title="bbox 58 2896 1034 3510">
     <span class='ocr_line' id='line_1_32' title="bbox 133 2896 1032 2967; baseline -0.002 -17"><span class='ocrx_word' id='word_1_218' title='bbox 133 2903 147 2950; x_wconf 93' lang='lat'>1</span> <span class='ocrx_word' id='word_1_219' title='bbox 167 2902 317 2952; x_wconf 83' lang='lat' dir='ltr'>amentiam</span> <span class='ocrx_word' id='word_1_220' title='bbox 334 2902 413 2953; x_wconf 67' lang='lat' dir='ltr'>idem</span> <span class='ocrx_word' id='word_1_221' title='bbox 432 2900 596 2967; x_wconf 81' lang='lat' dir='ltr'>patientiam</span> <span class='ocrx_word' id='word_1_222' title='bbox 609 2902 636 2947; x_wconf 80' lang='grc' dir='ltr'>Ι</span> <span class='ocrx_word' id='word_1_223' title='bbox 653 2899 663 2965; x_wconf 83' lang='grc' dir='ltr'>ΙΙ</span> <span class='ocrx_word' id='word_1_224' title='bbox 680 2902 695 2950; x_wconf 83' lang='lat'><strong>2</strong></span> <span class='ocrx_word' id='word_1_225' title='bbox 715 2898 897 2964; x_wconf 71' lang='lat' dir='ltr'>expectentA</span> <span class='ocrx_word' id='word_1_226' title='bbox 913 2896 923 2963; x_wconf 86' lang='grc' dir='ltr'>ΙΙ</span> <span class='ocrx_word' id='word_1_227' title='bbox 941 2900 956 2947; x_wconf 84' lang='grc'>6</span> <span class='ocrx_word' id='word_1_228' title='bbox 976 2897 1032 2949; x_wconf 83' lang='lat' dir='ltr'>alte</span> 
     </span>
     <span class='ocr_line' id='line_1_33' title="bbox 62 2962 1033 3034; baseline -0.007 -15"><span class='ocrx_word' id='word_1_229' title='bbox 62 2970 113 3019; x_wconf 82' lang='lat' dir='ltr'>del.</span> <span class='ocrx_word' id='word_1_230' title='bbox 132 2968 265 3020; x_wconf 75' lang='lat' dir='ltr'>Liuineius</span> <span class='ocrx_word' id='word_1_231' title='bbox 287 2966 298 3034; x_wconf 88' lang='grc' dir='ltr'>ΙΙ</span> <span class='ocrx_word' id='word_1_232' title='bbox 322 2971 355 3021; x_wconf 90' lang='grc'>10</span> <span class='ocrx_word' id='word_1_233' title='bbox 392 2985 422 3020; x_wconf 86' lang='lat' dir='ltr'>er</span> <span class='ocrx_word' id='word_1_234' title='bbox 439 2985 485 3020; x_wconf 88' lang='lat' dir='ltr'>om.</span> <span class='ocrx_word' id='word_1_235' title='bbox 504 2969 537 3018; x_wconf 82' lang='lat' dir='ltr'>W</span> <span class='ocrx_word' id='word_1_236' title='bbox 552 2971 556 3032; x_wconf 84' lang='grc'>1</span> <span class='ocrx_word' id='word_1_237' title='bbox 572 2968 724 3018; x_wconf 81' lang='lat' dir='ltr'>extiterunt</span> <span class='ocrx_word' id='word_1_238' title='bbox 741 2979 766 3014; x_wconf 83' lang='lat' dir='ltr'><strong>w</strong></span> <span class='ocrx_word' id='word_1_239' title='bbox 789 2962 800 3029; x_wconf 79' lang='lat' dir='ltr'>ll</span> <span class='ocrx_word' id='word_1_240' title='bbox 825 2967 857 3014; x_wconf 83' lang='lat'>14</span> <span class='ocrx_word' id='word_1_241' title='bbox 874 2965 987 3015; x_wconf 86' lang='lat' dir='ltr'>nolebas</span> <span class='ocrx_word' id='word_1_242' title='bbox 1005 2966 1033 3011; x_wconf 74' lang='grc' dir='ltr'>Ι</span> 
     </span>
     <span class='ocr_line' id='line_1_34' title="bbox 58 2984 1032 3118; baseline -0.007 -32"><span class='ocrx_word' id='word_1_243' title='bbox 58 3033 70 3103; x_wconf 82' lang='grc' dir='ltr'>ΙΙ</span> <span class='ocrx_word' id='word_1_244' title='bbox 97 3037 130 3086; x_wconf 79' lang='lat' dir='ltr'>lt</span> <span class='ocrx_word' id='word_1_245' title='bbox 148 3036 316 3088; x_wconf 82' lang='lat' dir='ltr'>retribueret</span> <span class='ocrx_word' id='word_1_246' title='bbox 332 3039 350 3085; x_wconf 82' lang='lat'><strong>0</strong></span> <span class='ocrx_word' id='word_1_247' title='bbox 371 2984 389 3096; x_wconf 75' lang='lat' dir='ltr'>l</span> <span class='ocrx_word' id='word_1_248' title='bbox 407 3040 586 3118; x_wconf 67' lang='lat' dir='ltr'>cognosceret</span> <span class='ocrx_word' id='word_1_249' title='bbox 604 3033 767 3097; x_wconf 81' lang='lat' dir='ltr'>(cognoscet</span> <span class='ocrx_word' id='word_1_250' title='bbox 784 3032 817 3112; x_wconf 62' lang='lat' dir='ltr'>A)</span> <span class='ocrx_word' id='word_1_251' title='bbox 837 3032 912 3114; x_wconf 65' lang='lat' dir='ltr'>lteri.</span> <span class='ocrx_word' id='word_1_252' title='bbox 932 3045 971 3080; x_wconf 77' lang='lat' dir='ltr'>v:</span> <span class='ocrx_word' id='word_1_253' title='bbox 990 3047 1032 3080; x_wconf 90' lang='lat' dir='ltr'>re·</span> 
     </span>
     <span class='ocr_line' id='line_1_35' title="bbox 59 3099 1032 3238; baseline -0.006 -17"><span class='ocrx_word' id='word_1_254' title='bbox 59 3105 282 3236; x_wconf 62' lang='lat' dir='ltr'>canni?</span> <span class='ocrx_word' id='word_1_255' title='bbox 294 3102 383 3238; x_wconf 56' lang='lat' dir='ltr'>field</span> <span class='ocrx_word' id='word_1_256' title='bbox 400 3100 925 3232; x_wconf 47' lang='lat' dir='ltr'>attributis?,latrat</span> <span class='ocrx_word' id='word_1_257' title='bbox 936 3099 1032 3216; x_wconf 60' lang='lat' dir='ltr'>dll-</span> 
     </span>
     <span class='ocr_line' id='line_1_36' title="bbox 61 3233 1034 3305; baseline -0.006 -16"><span class='ocrx_word' id='word_1_258' title='bbox 61 3238 104 3289; x_wconf 84' lang='lat' dir='ltr'>dit</span> <span class='ocrx_word' id='word_1_259' title='bbox 122 3254 183 3305; x_wconf 70' lang='lat' dir='ltr'>epo:</span> <span class='ocrx_word' id='word_1_260' title='bbox 206 3239 280 3289; x_wconf 82' lang='lat' dir='ltr'>cedit</span> <span class='ocrx_word' id='word_1_261' title='bbox 298 3241 326 3288; x_wconf 73' lang='grc' dir='ltr'><strong>Π</strong></span> <span class='ocrx_word' id='word_1_262' title='bbox 343 3239 442 3290; x_wconf 86' lang='lat' dir='ltr'>cecidit</span> <span class='ocrx_word' id='word_1_263' title='bbox 460 3239 595 3290; x_wconf 78' lang='lat' dir='ltr'>Acidaliae</span> <span class='ocrx_word' id='word_1_264' title='bbox 618 3234 623 3302; x_wconf 76' lang='grc'>1</span> <span class='ocrx_word' id='word_1_265' title='bbox 646 3237 730 3287; x_wconf 88' lang='lat' dir='ltr'>iniret</span> <span class='ocrx_word' id='word_1_266' title='bbox 748 3243 908 3298; x_wconf 64' lang='lat' dir='ltr'>corruptum</span> <span class='ocrx_word' id='word_1_267' title='bbox 926 3233 1034 3284; x_wconf 86' lang='lat' dir='ltr'>ueniret</span> 
     </span>
     <span class='ocr_line' id='line_1_37' title="bbox 61 3299 1032 3371; baseline -0.006 -13"><span class='ocrx_word' id='word_1_268' title='bbox 61 3306 198 3358; x_wconf 70' lang='lat' dir='ltr'>Acidaliae</span> <span class='ocrx_word' id='word_1_269' title='bbox 214 3308 300 3358; x_wconf 84' lang='lat' dir='ltr'>inires</span> <span class='ocrx_word' id='word_1_270' title='bbox 318 3307 457 3361; x_wconf 70' lang='lat' dir='ltr'>Liuineius.</span> <span class='ocrx_word' id='word_1_271' title='bbox 483 3308 547 3371; x_wconf 78' lang='lat' dir='ltr'>sort.</span> <span class='ocrx_word' id='word_1_272' title='bbox 566 3304 723 3369; x_wconf 83' lang='lat' dir='ltr'>indulgeret</span> <span class='ocrx_word' id='word_1_273' title='bbox 739 3307 781 3354; x_wconf 83' lang='lat' dir='ltr'>uel</span> <span class='ocrx_word' id='word_1_274' title='bbox 797 3303 932 3352; x_wconf 85' lang='lat' dir='ltr'>tribueret</span> <span class='ocrx_word' id='word_1_275' title='bbox 960 3299 970 3366; x_wconf 83' lang='grc' dir='ltr'>ΙΙ</span> <span class='ocrx_word' id='word_1_276' title='bbox 999 3302 1032 3352; x_wconf 79' lang='lat'>28</span> 
     </span>
     <span class='ocr_line' id='line_1_38' title="bbox 59 3369 1030 3440; baseline -0.009 -15"><span class='ocrx_word' id='word_1_277' title='bbox 59 3372 112 3425; x_wconf 76' lang='lat' dir='ltr'>illa</span> <span class='ocrx_word' id='word_1_278' title='bbox 128 3375 152 3423; x_wconf 82' lang='grc' dir='ltr'><strong>Δ</strong></span> <span class='ocrx_word' id='word_1_279' title='bbox 168 3375 261 3427; x_wconf 64' lang='lat' dir='ltr'>Beroe</span> <span class='ocrx_word' id='word_1_280' title='bbox 279 3391 326 3429; x_wconf 88' lang='lat' dir='ltr'>om.</span> <span class='ocrx_word' id='word_1_281' title='bbox 343 3376 364 3425; x_wconf 77' lang='lat' dir='ltr'>B</span> <span class='ocrx_word' id='word_1_282' title='bbox 382 3377 399 3424; x_wconf 81' lang='lat'><strong>0</strong></span> <span class='ocrx_word' id='word_1_283' title='bbox 417 3375 441 3423; x_wconf 74' lang='lat' dir='ltr'>V</span> <span class='ocrx_word' id='word_1_284' title='bbox 457 3375 491 3424; x_wconf 78' lang='lat' dir='ltr'><strong>W</strong></span> <span class='ocrx_word' id='word_1_285' title='bbox 505 3372 511 3440; x_wconf 89' lang='grc' dir='ltr'>Ι</span> <span class='ocrx_word' id='word_1_286' title='bbox 527 3378 556 3424; x_wconf 86' lang='lat' dir='ltr'>et</span> <span class='ocrx_word' id='word_1_287' title='bbox 572 3390 620 3424; x_wconf 87' lang='lat' dir='ltr'>om.</span> <span class='ocrx_word' id='word_1_288' title='bbox 638 3373 660 3420; x_wconf 81' lang='lat' dir='ltr'><strong>V</strong></span> <span class='ocrx_word' id='word_1_289' title='bbox 679 3369 690 3438; x_wconf 79' lang='grc' dir='ltr'>Ι]</span> <span class='ocrx_word' id='word_1_290' title='bbox 711 3374 743 3423; x_wconf 83' lang='grc'>29</span> <span class='ocrx_word' id='word_1_291' title='bbox 761 3371 802 3420; x_wconf 88' lang='lat' dir='ltr'>ibi</span> <span class='ocrx_word' id='word_1_292' title='bbox 818 3369 893 3421; x_wconf 71' lang='lat' dir='ltr'>Bere.</span> <span class='ocrx_word' id='word_1_293' title='bbox 913 3369 1030 3419; x_wconf 66' lang='lat' dir='ltr'>Avus</span> 
     </span>
     <span class='ocr_line' id='line_1_39' title="bbox 61 3440 630 3510; baseline -0.007 -17"><span class='ocrx_word' id='word_1_294' title='bbox 61 3440 106 3493; x_wconf 86' lang='lat' dir='ltr'>illi</span> <span class='ocrx_word' id='word_1_295' title='bbox 120 3442 143 3492; x_wconf 71' lang='lat' dir='ltr'>B</span> <span class='ocrx_word' id='word_1_296' title='bbox 161 3443 178 3493; x_wconf 81' lang='lat'><strong>0</strong></span> <span class='ocrx_word' id='word_1_297' title='bbox 192 3440 198 3508; x_wconf 92' lang='grc' dir='ltr'>Ι</span> <span class='ocrx_word' id='word_1_298' title='bbox 212 3442 340 3509; x_wconf 83' lang='lat' dir='ltr'>adtrique</span> <span class='ocrx_word' id='word_1_299' title='bbox 358 3458 419 3510; x_wconf 78' lang='lat' dir='ltr'>epo.-</span> <span class='ocrx_word' id='word_1_300' title='bbox 438 3442 585 3508; x_wconf 83' lang='lat' dir='ltr'>audirique</span> <span class='ocrx_word' id='word_1_301' title='bbox 602 3442 630 3488; x_wconf 78' lang='lat'>11</span> 
     </span>
    </p>
   </div>
   <div class='ocr_carea' id='block_1_5' title="bbox 0 0 1208 4012">
    <p class='ocr_par' dir='ltr' id='par_1_7' title="bbox 0 0 1208 4012">
     <span class='ocr_line' id='line_1_40' title="bbox 0 0 1208 4012; baseline 0 0"><span class='ocrx_word' id='word_1_302' title='bbox 0 0 1208 4012; x_wconf 95' lang='lat' dir='ltr'> </span> 
     </span>
    </p>
   </div>
  </div>
 </body>
</html>
