2406 4012
1077 39 1139 239 l

154 347 209 410 uia
231 347 338 411 uicino
360 349 504 428 tempore
525 345 643 410 fertur:
669 344 864 410 exonerandi
886 348 1101 432 praesumptio

134 368 189 494 <lar
211 431 401 515 patientiam
423 430 613 507 sustinendi.
662 433 747 495 certe
769 432 802 494 ct
823 450 910 494 nune
932 430 1027 495 liberi
1048 454 1099 516 pe·
1133 450 1139 513 ,³

134 519 240 579 rentes
262 536 336 579 euos
366 515 503 578 cariores
525 513 645 578 habent
674 518 707 578 et
728 514 836 578 mariti
858 514 1014 600 coniuges
1037 537 1097 581 non
1133 520 1139 569 i

157 603 268 663 rauate
289 602 421 663 tuentur
444 602 476 662 et
497 601 648 682 parentes
671 598 851 662 adulterum
872 619 939 675 non
963 601 1097 683 poenitet
1133 572 1139 665 l

108 622 289 766 tiliorum,
319 704 454 766 quorum
477 704 576 747 onera
602 683 664 746 sibi
686 683 820 747 remissa
840 683 1016 747 laetantur.
1056 684 1097 749 ita
1134 674 1139 757 l

134 769 276 832 omnium
297 768 401 849 pietas
424 767 500 831 olim
523 767 608 831 fessa
630 768 768 851 respirat
793 770 827 830 et
848 788 923 832 suos
948 790 1096 853 quemque
1135 766 1139 835 ξ

133 853 222 916 iuuat
249 873 418 916 numerare
447 873 607 935 securum,
638 851 839 949 cumplures
866 851 1026 949 adiuuant
1048 853 1095 918 ot

134 936 1096 1104 11111111111111111131111111111

95 1129 120 1168 10
134 1106 303 1189 missisque
329 1106 460 1188 reliquis
488 1105 571 1169 nihil
599 1108 648 1169 est
680 1105 765 1189 quod
791 1105 1036 1188 respectandum
1060 1105 1096 1169 li-

134 1191 347 1274 mendumque
374 1190 431 1271 sit,
461 1190 545 1273 quod
573 1189 691 1273 aliquid
713 1189 830 1253 uirium
858 1190 1005 1254 uenturis
1026 1210 1096 1274 pen·

135 1275 341 1339 sitaticnIbus
363 1277 470 1358 neget.
498 1274 545 1337 ita
563 1274 697 1338 ducrum
711 1277 901 1357 temporum,
924 1276 1098 1358 quaesunt

133 1360 286 1439 maxima,
319 1359 465 1423 molestia
492 1359 620 1422 liberati
649 1380 775 1422 sumus:
818 1380 919 1422 unum
949 1363 1045 1444 atque
1068 1358 1097 1422 id

134 1445 301 1508 minimum
323 1444 413 1508 breui
436 1442 544 1507 labore
566 1444 786 1528 transigimus.
819 1464 896 1506 nam
919 1465 994 1508 cum
1014 1464 1098 1528 prae-

96 1550 120 1590 11
134 1530 265 1593 teritum
282 1534 406 1612 tempus
421 1549 480 1612 pro
495 1527 589 1592 modo
604 1548 661 1592 suo
672 1529 814 1612 longum,
837 1526 984 1591 futurum
999 1531 1100 1593 autem

133 1614 296 1678 infinitum
318 1617 376 1697 sit,
399 1635 551 1698 praesens
576 1613 724 1698 [tempus]
748 1613 845 1676 breue
867 1615 900 1675 et
922 1634 1050 1697 semper
1067 1613 1099 1676 in

134 1703 259 1781 partem
281 1703 448 1781 utramque
470 1698 637 1780 mutabile,
665 1718 736 1761 cum
758 1699 791 1760 et
809 1698 989 1844 ppaeterito
1010 1696 1100 1763 reliu-

134 1787 250 1864 quatur
272 1786 304 1846 et
317 1786 463 1847 transeat
481 1784 517 1846 in
531 1783 689 1846 futurum:
712 1802 795 1845 unus
832 1802 862 1845 1e
885 1803 992 1846 annus
1006 1802 1100 1867 prope

135 1887 263 1929 sensum
284 1888 352 1930 non
366 1866 465 1930 habet
479 1867 678 1931 difficultatis
701 1866 834 1930 duorum
852 1868 1037 1950 temporum
1057 1867 1100 1930 in-

96 1971 121 2009 11
135 1948 308 2030 dulgentiis
324 1953 487 2013 coartatus
510 1955 542 2014 et
557 1952 648 2034 quasi
663 1951 819 2015 terminus
834 1950 967 2034 quidam
981 1952 1101 2035 positus

133 2031 283 2096 felicitati
304 2033 338 2095 in
354 2037 523 2116 utrumque
545 2035 673 2117 confini,
697 2057 777 2118 quae
798 2055 859 2098 nos
881 2038 915 2099 et
929 2036 1101 2118 praeterite

134 2116 250 2192 liberos
273 2117 353 2180 facit
375 2120 407 2180 et
428 2118 464 2180 in
485 2118 592 2182 futuro
614 2140 754 2183 securos.

218 2200 310 2265 XIII.
338 2200 485 2285 Quinque
506 2223 664 2267 annorum
686 2204 781 2267 nobis
794 2204 918 2286 reliqua
937 2204 1100 2268 remisisti!

135 196 197 260 190
334 198 411 249 vm.
440 196 591 248 lncaarr
611 195 778 248 cannia.
797 196 907 248 norro

135 2308 153 2350 0
175 2287 313 2352 lustrum
341 2287 487 2352 omnibus
510 2288 617 2350 lustris
640 2287 781 2352 felicius!
818 2310 836 2351 c
859 2289 998 2353 lustrum
1021 2288 1101 2374 qued

96 2393 121 2434 aa
135 2373 249 2436 merito
265 2372 348 2437 hanc
364 2371 490 2457 imperii
504 2373 552 2436 tui
573 2373 722 2456 aequauit
738 2374 892 2436 aetatem!
915 2373 1011 2438 nobis
1027 2394 1102 2458 ergo

133 2458 301 2541 praecipue
336 2462 368 2523 te
401 2458 579 2541 principem
616 2457 648 2521 di
681 2457 867 2521 munificum
904 2460 1102 2541 creauerunt,

134 2543 248 2624 quibus
278 2543 414 2625 singulis
441 2542 519 2607 haec
548 2545 597 2606 est
623 2545 700 2606 nata
727 2542 880 2624 felicitas,
913 2563 951 2606 ex
978 2564 1042 2626 quc
1067 2547 1103 2606 tu

134 2626 291 2706 imperare
315 2627 458 2708 coepisti.
494 2626 742 2710 quinquennalia
764 2630 820 2690 tua
840 2626 944 2706 nobis,
968 2631 1021 2691 set
1042 2628 1102 2691 iam

204 2896 217 2943 1
241 2894 332 2945 uicino
350 2899 472 2960 tempore
492 2897 579 2947 fertur
603 2897 786 2962 (uelleretur)
810 2901 905 2965 scripsi
922 2903 938 2955 l.
956 2902 973 2950 ἱ.
990 2918 1020 2966 p.
1039 2904 1102 2950 221:

133 2961 223 3012 uicino
242 2978 320 3014 nemo
339 2963 495 3029 praefertur
512 2965 587 3019 Bert.
605 2968 699 3017 uicino
716 2968 854 3032 perfertur
871 2970 899 3016 Μ
928 2964 933 3031 Ι
968 2969 986 3018 5
1005 2964 1101 3034 onera]

132 3030 216 3081 huera
233 3031 264 3083 A.
293 3048 327 3081 aa
347 3035 478 3082 munera?
502 3030 512 3098 ΙΙ
537 3036 569 3084 10
588 3034 659 3098 quod
677 3035 857 3099 spectandum
874 3037 908 3083 W
968 3037 1001 3085 12
1019 3041 1103 3101 neget

132 3100 280 3149 Liuineius:
303 3106 385 3150 necet
401 3101 428 3148 1
458 3098 468 3166 ll
498 3103 529 3150 16
551 3107 658 3167 tempus
675 3104 766 3152 reclus.
782 3104 916 3154 Liuineius
940 3103 944 3164 Ι
967 3102 998 3152 in
1016 3104 1104 3155 cm

135 3168 147 3232 li
180 3169 210 3217 17
230 3172 258 3218 et
276 3183 293 3216 a
311 3169 460 3232 praeterito
479 3170 536 3218 edd.
567 3167 577 3234 ΙΙ
608 3172 639 3220 19
662 3168 835 3222 difficultatis
853 3173 927 3221 eda:
950 3169 1103 3222 difficultas

133 3236 160 3283 Π
189 3232 198 3298 ΙΙ
228 3238 261 3286 20
284 3239 426 3286 coematur
443 3238 476 3284 W
504 3234 514 3301 ΙΙ
544 3240 575 3287 21
600 3239 628 3287 in
651 3242 797 3302 utrumque
821 3237 923 3288 confini
939 3240 1051 3303 scripsi:
1074 3242 1103 3288 et

132 3306 276 3367 utrumqne
293 3302 403 3383 contuli
420 3305 447 3350 Μ
472 3302 476 3366 1
489 3306 591 3386 posit
620 3303 692 3386 njt
711 3305 865 3356 munificum
883 3308 993 3371 scripsi:
1015 3306 1103 3356 numi·

133 3401 196 3434 num
208 3387 291 3450 Bert„
310 3403 374 3438 num
392 3386 444 3451 (uel
460 3391 527 3437 nuiu
545 3392 587 3440 uel
603 3387 681 3452 nuui)
698 3387 721 3437 Δ
738 3406 784 3442 cm.
799 3392 820 3439 B
837 3393 863 3440 in
875 3392 925 3440 luc.
939 3394 964 3455 6,
980 3390 1004 3438 V
1014 3393 1041 3440 iu
1053 3392 1102 3440 lac.

133 3457 150 3501 4
168 3455 223 3517 lita,
244 3457 271 3518 c,
295 3456 383 3506 nostri
401 3468 426 3504 w
443 3455 611 3506 immortales
629 3457 760 3507 Ltue'aer‘us
781 3454 791 3521 ΙΙ
812 3459 844 3507 27
863 3457 1012 3523 singularis
1031 3459 1102 3507 hacc

133 3520 267 3570 Acidaliae
291 3520 301 3585 ΙΙ
324 3524 357 3572 28
375 3528 418 3572 set
436 3523 492 3571 iam
508 3525 615 3589 scripsi:
634 3524 716 3574 etiam
734 3527 761 3573 H
