2406 4012
1150 92 1176 133 '··.¹

1177 206 1194 259 '¹'i

1186 262 1194 309 r

160 352 230 413 tum
252 371 294 413 ne
308 350 445 432 sopitam
465 348 621 411 malorum
640 347 829 411 memoriam
851 346 956 411 oratio
970 368 1047 413 mea
1069 368 1137 413 sus·
1190 384 1193 389 ·

162 435 249 517 citet,
266 433 322 498 sed
335 455 377 497 ne
392 432 610 496 sanctissimas
625 430 780 514 principis
791 430 914 513 laudes,
933 430 1013 495 dum
1028 432 1137 498 aliena
1180 434 1194 503 ·,’·

160 198 224 263 220
492 199 525 250 X.
555 198 702 250 NAZARII
718 198 799 249 Pau.

161 517 240 581 uitia
254 517 478 600 depromimus,
502 537 604 579 sermo
621 516 696 579 talis
717 516 865 580 incestet.
894 516 1134 581 incrementum
1189 554 1193 559 -

161 602 288 685 quidem
319 601 452 683 adeptae
479 600 642 663 felicitatis
676 603 726 664 est
752 599 910 664 malorum
939 621 1136 665 commemo·

136 690 233 749 erata
255 684 414 768 depulsio:
440 706 548 748 uerum
572 689 609 748 ut
629 685 664 747 in
687 684 859 768 segetibus,
882 684 1010 749 etiamsi
1032 686 1138 751 multa

161 790 242 853 quae
267 768 399 832 humum
428 769 620 833 obsederant
646 768 806 832 industria
831 768 1020 833 reuellenda
1048 774 1135 854 sunt,

160 853 302 916 laborem
337 856 446 916 tamen
479 854 609 938 purgati
646 853 705 916 soli
736 853 887 917 nesciunt
919 853 976 936 qui
1006 853 1135 919 fructus

162 937 263 1003 editos
284 938 464 1021 intuentur,
493 938 539 1002 sic
561 937 769 1002 Constantini
791 937 940 1002 laudibus
970 939 1054 1002 satis
1076 942 1135 1023 eet,

162 1022 237 1086 dum
265 1022 499 1087 efflorescentia
526 1023 611 1086 bona
639 1021 815 1104 cernimus,
842 1044 884 1086 ne
912 1022 1000 1086 mala
1026 1024 1135 1088 excisa

123 1126 149 1165 ιο
161 1110 354 1190 reputemus.

224 1191 280 1254 IX.
328 1191 466 1254 Ferebas
488 1194 607 1273 tamen,
629 1191 811 1273 imperator,
833 1190 962 1254 ferebas
983 1190 1080 1254 illum
1101 1192 1133 1255 in

161 1274 261 1337 tantis
284 1275 378 1336 malis
398 1273 562 1337 ludentem
584 1277 627 1356 et,
652 1296 723 1338 cum
746 1274 854 1338 omnia
867 1277 904 1336 tu
925 1274 1038 1358 scires,
1061 1280 1136 1339 uota

161 1358 329 1421 hominum
357 1359 519 1423 coniuenti
546 1359 704 1441 patientia
730 1359 908 1443 fatigabas,
936 1359 993 1441 qui
1020 1381 1065 1423 ne
1089 1360 1135 1423 sic

162 1441 288 1524 quidem
311 1442 428 1505 iniuste
450 1463 538 1506 arma
555 1463 684 1525 caperes
706 1443 766 1507 etsi
781 1441 924 1506 nondum
946 1442 989 1506 ab
1004 1442 1134 1507 homine

123 1544 150 1584 15
160 1526 343 1609 lacessitus,
372 1527 438 1590 iam
464 1530 575 1590 tamen
602 1527 756 1591 uitiorum
785 1527 851 1591 eius
878 1527 1049 1609 inimicus,
1079 1528 1133 1593 sed

163 1611 261 1694 (quod
289 1614 358 1674 erat
384 1614 634 1675 consentaneum
668 1612 857 1674 clementiae
884 1613 971 1693 tuae)
1009 1612 1134 1696 experi-

160 1696 241 1759 reris
261 1696 402 1759 remedia
423 1696 571 1759 molliora
592 1698 638 1777 ut,
661 1695 745 1778 quod
759 1696 855 1758 leniri
877 1716 973 1777 quam
994 1696 1133 1761 resecari

160 1778 288 1860 malles,
325 1781 434 1843 mitior
465 1780 626 1844 medicina
658 1783 797 1843 sanaret.
850 1780 928 1863 quin
962 1783 1133 1864 extorques

161 1864 268 1925 animo
282 1867 338 1926 tuo
361 1867 393 1927 et
415 1864 626 1928 conueniendi
648 1864 789 1927 studium
811 1866 844 1926 et
866 1864 1057 1929 concordiae
1079 1886 1133 1929 uo·

123 1944 334 2029 uoluntatem,
361 1948 388 2009 si
411 1948 613 2010 concordiam
635 1970 731 2031 quam
753 1949 880 2012 ueniam
903 1949 1064 2031 appellari
1085 1949 1133 2013 fas

163 2031 219 2110 est,
244 2049 315 2091 cum
337 2031 392 2112 qui
406 2033 513 2112 potest
535 2031 664 2094 uincere
687 2033 779 2115 optat
799 2033 979 2116 ignoscere.
1011 2037 1044 2096 et
1066 2053 1133 2097 non

162 2111 272 2176 dubito
302 2113 378 2196 quin
405 2113 490 2176 hanc
518 2116 675 2178 rationem
703 2116 848 2180 caelestis
875 2117 1049 2201 prudentia
1077 2122 1134 2182 tue

161 2196 300 2277 duxerit,
330 2198 414 2281 quod
443 2199 667 2263 coniunctione
695 2222 752 2262 sua
778 2200 1049 2285 flagrantissimas
1077 2202 1133 2266 ho

160 2282 257 2346 minis
281 2283 472 2366 cupiditates
494 2284 547 2348 uel
569 2285 773 2368 extingueret
787 2285 916 2368 penitus
938 2286 992 2349 uel
1006 2286 1134 2351 modice

122 2383 149 2422 2⁵
161 2368 362 2450 temperaret.
390 2369 478 2432 nulla
493 2369 610 2452 quippe
633 2372 682 2432 est
696 2369 795 2432 libido
817 2372 884 2432 tam
904 2390 1019 2433 uecors
1035 2392 1133 2454 quarn

160 2472 228 2515 non
250 2453 355 2536 capiat
383 2475 455 2517 cum
477 2453 512 2516 in
536 2454 731 2527 consortium
756 2454 882 2517 uenerit
902 2456 1133 2538 temperantia.

162 2535 259 2600 deicit
281 2538 388 2600 oculos
411 2537 563 2601 deformis
585 2538 716 2621 ignauia
736 2538 791 2601 ubi
814 2538 842 2602 ei
862 2538 1045 2620 pulcritudo
1070 2542 1134 2603 uir·

86 2623 90 2628 ’
160 2620 240 2681 tutis
267 2621 393 2684 obiecta
420 2625 479 2683 est.
523 2616 731 2705 tergiuersari
759 2625 854 2706 atque
880 2622 1012 2687 haerere
1039 2627 1134 2706 potu·

161 2701 296 2764 lantiam
317 2703 427 2766 uideas
449 2705 624 2788 grauitate,
653 2707 808 2770 modestia
829 2711 862 2770 ct
883 2706 997 2771 decore
1021 2708 1134 2773 confu-

123 2803 244 2862 aosam‚
274 2788 310 2847 ut
338 2790 493 2868 appareat
515 2791 560 2869 te,
588 2790 764 2872 imperator
791 2791 928 2874 optime,
959 2793 1134 2857 concordia

163 2942 235 2949 ,--
255 2943 361 2949 ...-.

20 2972 73 3041 N
229 3045 244 3091 2
268 3059 301 3092 ue
320 3046 342 3093 A
360 3058 396 3093 w:
424 3063 471 3096 om.
495 3046 592 3093 ΒΗ
621 3043 631 3109 ΙΙ
659 3049 742 3095 4est
763 3063 811 3098 om.
830 3047 863 3095 W
891 3045 901 3111 ΙΙ
931 3049 947 3096 6
969 3046 1134 3097 reuellenda

138 3144 141 3149 -
161 3111 252 3160 Bevus
271 3112 428 3162 reuellanda
446 3114 468 3161 A
486 3113 635 3163 reuelanda
652 3114 781 3161 BGVW
810 3110 821 3177 ΙΙ
850 3115 925 3165 Ssic
944 3128 981 3163 v:
1001 3116 1026 3164 si
1043 3115 1133 3164 ΔΗ

160 3179 247 3227 sedB
272 3177 344 3243 1112
367 3185 398 3230 tu
420 3182 494 3234 edd:
519 3186 567 3231 tua
589 3182 616 3228 11
646 3178 656 3245 ΙΙ
686 3183 718 3231 13
740 3183 876 3245 patientia
894 3195 931 3230 w:
960 3183 1085 3247 patienti
1105 3184 1134 3231 Ι

161 3247 330 3313 conniuendo
348 3248 480 3316 patiendo
499 3250 556 3298 edd.
581 3246 591 3312 ll
620 3250 651 3297 16
670 3249 805 3311 experiris
822 3250 844 3297 A
864 3250 1053 3315 experiebaris
1071 3252 1134 3301 edd.

159 3310 167 3375 Ιξ
186 3311 278 3380 17111]
298 3314 379 3364 uelli
403 3312 413 3379 ΙΙ
439 3317 470 3366 18
489 3316 576 3365 males
594 3316 614 3363 B
632 3317 654 3364 V
671 3315 704 3363 W
727 3313 737 3379 ΙΙ
762 3318 793 3365 19
811 3319 884 3377 priua
903 3323 931 3366 et
950 3333 996 3368 om.
1014 3318 1051 3378 Ι,
1069 3320 1133 3369 add.

159 3378 234 3428 Bert.
258 3379 267 3445 l
291 3384 324 3432 26
342 3384 370 3431 in
380 3384 555 3432 ‘consortium
573 3397 611 3432 w:
630 3385 658 3433 in
677 3387 791 3432 sortium
808 3386 836 3431 11
854 3383 859 3446 Ι
878 3386 1067 3448 temperantia
1084 3400 1134 3436 uo·

160 3447 232 3494 nerit
249 3448 285 3508 11,
304 3448 481 3514 transposuit
504 3453 536 3500 221
557 3450 642 3500 deicit
659 3450 705 3498 W:
723 3449 826 3501 deiecit
844 3453 963 3501 Ancv
983 3450 996 3517 fl
1017 3455 1135 3517 298111-

160 3512 248 3561 nitate
267 3516 418 3567 modestiae
435 3518 566 3568 Liuineius
