2406 4012
130 228 193 293 278
456 227 519 277 xu.
545 223 780 276 1101111111.

130 380 264 442 nauerat
285 397 459 459 numquam
481 374 688 470 indulgenter
709 372 835 470 habuit,
860 372 921 470 'sed
944 377 981 436 ut
1002 374 1100 439 seueri

130 461 317 611 tillut?
329 456 1103 627 ,tristitiis¹¹tullfill¹1¹ll2¹⁸ltttatl

132 631 328 714 temporibus
356 628 511 708 exercuit,
545 626 620 689 dum
648 629 738 709 aptat
763 625 907 708 imperio.
952 630 986 690 et
1014 629 1101 710 prius

107 716 260 799 squidem
292 734 387 796 quam
422 711 462 775 ad
488 711 545 774 illa
579 710 709 773 ueniam
741 731 822 793 quae
855 712 928 774 aeui
957 717 1101 776 maturus

133 799 237 882 egisti,
260 796 443 861 summatim
458 799 548 859 tuum
570 793 649 857 illud
671 794 831 877 attingam
854 815 927 858 cum
942 799 1037 878 patre
1058 795 1106 860 di—

133 883 209 946 uino
233 885 396 946 castrense
419 879 598 963 collegium,
622 881 709 942 actas
731 878 790 941 sub
810 879 948 960 pellibus
971 878 1102 960 hiemes,

133 970 269 1032 aestates
284 968 368 1030 inter
383 964 468 1029 bella
484 963 622 1046 sudatas,
645 963 712 1026 dies
727 965 902 1046 noctesque
916 964 1109 1047 proeliando

33 1118 36 1123 ,
133 1054 188 1115 aut
210 1051 376 1135 uigilando
400 1051 614 1131 consumptas,
637 1046 845 1130 grauissimas
869 1068 998 1131 pugnas
1019 1052 1107 1112 terra

96 1156 121 1194 10
133 1137 276 1218 marique
295 1136 465 1218 pugnatas
494 1154 559 1195 non
581 1135 648 1194 tam
663 1132 788 1213 patiens
804 1131 981 1195 Africanus
1001 1133 1108 1215 prima

132 1216 312 1282 rudimenta
333 1218 467 1280 militiae
490 1216 548 1280 sub
563 1215 664 1279 Paulo
679 1218 770 1297 patre
786 1213 939 1279 tolerauit
959 1237 1022 1280 nec
1036 1219 1107 1300 pari

132 1303 241 1367 indole
256 1301 422 1364 Hannibal
443 1322 523 1383 puer
541 1301 680 1363 tentoria
695 1299 844 1382 Hispana
866 1301 1024 1364 successit
1045 1323 1109 1366 nec

132 1387 312 1449 intimarum
347 1406 404 1467 spe
438 1386 572 1448 certiore
604 1385 759 1447 uirtutum
792 1383 963 1467 Philippea
1002 1391 1109 1449 castra

133 1470 316 1534 Alexander
336 1468 480 1533 noudum
502 1468 640 1552 Magnus
663 1467 817 1551 impleuit.
847 1489 927 1553 quos
950 1471 1014 1533 etsi
1035 1471 1108 1553 plu-

96 1573 121 1614 10
133 1556 215 1619 rima
235 1554 329 1618 laude
344 1553 503 1617 dotauerit
524 1553 750 1636 amplificatrix
764 1552 832 1615 ueri
847 1555 1001 1637 uetustas,
1024 1553 1108 1618 nihil

133 1643 242 1704 tamen
270 1639 343 1722 plus
365 1638 511 1702 blandita
537 1636 698 1720 praestitit
724 1658 821 1720 quam
848 1640 885 1700 ul
913 1658 968 1701 eos
997 1639 1032 1702 in
1056 1638 1109 1702 his

134 1726 229 1788 annis
257 1727 382 1787 secutos
409 1744 521 1807 regum
549 1725 606 1785 aut
627 1722 742 1785 ducum
770 1725 873 1784 castra
894 1722 1048 1806 uulgaret
1073 1724 1108 1786 in

134 1809 249 1892 quibus
271 1810 306 1870 tu
328 1808 375 1871 ita
396 1807 523 1871 fortiter
550 1805 651 1868 multa
672 1805 802 1889 gessisti
823 1807 860 1868 ut
881 1827 919 1870 ea
943 1827 1012 1870 non
1032 1811 1109 1871 tan·

134 1895 204 1955 tum
226 1891 410 1954 Alexander
438 1894 493 1953 aut
515 1890 687 1953 Africanus
715 1893 770 1953 aut
791 1889 957 1953 Hannibal
987 1891 1108 1974 uidere,

96 1994 122 2033 20
135 1975 209 2038 dum
226 1973 394 2053 discerent,
417 1975 473 2037 sed
487 1977 634 2057 parentes
657 1977 752 2057 atque
770 1974 973 2037 institutores
997 1997 1109 2039 eorum

134 2060 301 2141 optassent
323 2058 443 2139 facere,
467 2057 542 2120 dum
565 2058 724 2122 docerent.

198 2141 256 2206 IX.
291 2139 393 2216 Quam
415 2145 503 2206 tecta
525 2144 602 2205 sunt
623 2163 748 2225 semper
771 2142 904 2206 consilia
927 2141 1107 2209 Fortunae!

135 2228 215 2311 quis,
237 2247 364 2310 quaeso,
386 2229 456 2291 turn
473 2225 610 2309 publicis
632 2226 727 2290 rebus
749 2247 815 2290 11011
829 2230 975 2310 putasset
997 2228 1107 2292 inimi-

135 2332 208 2375 cum
230 2314 322 2375 tuum
343 2311 434 2375 illum
457 2334 476 2373 a
498 2311 635 2375 statione
658 2311 813 2374 castrensi
836 2311 876 2374 ad
891 2312 1032 2394 quietem
1057 2334 1106 2377 re-

97 2411 122 2453 15
136 2395 288 2480 ceptum?
333 2396 494 2460 enimuero
522 2395 578 2459 illa
599 2396 743 2459 futurum
764 2396 944 2478 principem
975 2417 1109 2461 comens

134 2481 254 2545 idcirco
281 2481 443 2563 paulisper
474 2479 577 2543 uoluit
604 2485 632 2544 10
660 2500 727 2543 esse
754 2480 916 2562 priuatum
943 2483 996 2564 ut,
1030 2483 1110 2564 quia

134 2566 200 2628 iam
223 2563 414 2646 adplenum
436 2564 558 2628 bellicis
586 2564 708 2628 artibus
731 2563 934 2646 abundabas,
962 2586 1041 2629 usus
1065 2567 1107 2631 ci·

134 2649 208 2710 uilis
237 2648 404 2729 experiens
438 2648 497 2711 sub
527 2648 586 2711 otii
612 2652 755 2731 tempore
788 2648 975 2712 reddereris.
1020 2650 1108 2732 quod

136 2751 195 2815 ego
225 2736 316 2794 tuum
349 2731 450 2793 otium
478 2732 615 2795 aliorum
646 2755 688 2796 ne
712 2733 786 2796 otiis
816 2734 993 2796 anteucrto.
1038 2755 1106 2797 non

97 2831 123 2872 co
136 2815 223 2879 enim
251 2817 284 2878 te
311 2835 445 2878 amoena
472 2814 569 2879 litora
595 2837 655 2881 nec
682 2753 827 2900 dispositi
855 2818 897 2880 ad
923 2821 1106 2900 temporum

135 2901 222 2965 uices
244 2898 382 2963 habuere
405 2920 562 2982 secessus,
590 2901 644 2964 secl
668 2902 736 2965 siue
757 2904 794 2965 tu
816 2901 902 2985 agris
925 2902 994 2965 siue
1016 2903 1107 2984 oppi-

204 3144 219 3192 3
238 3139 379 3191 difficilius
397 3138 420 3187 A
440 3138 450 3204 ΙΙ
471 3141 487 3189 5
507 3139 584 3188 illam
602 3140 622 3187 B
641 3136 678 3202 01
697 3138 817 3206 ueniam]
837 3140 917 3189 uenio
936 3141 959 3188 A
976 3154 1107 3191 necessa·

135 3210 203 3258 riam
219 3212 261 3258 uel
277 3208 433 3257 necessaria
451 3209 468 3255 G
488 3205 498 3270 ΙΙ
520 3209 632 3257 'lactus
649 3208 672 3255 A
689 3204 699 3272 ll
721 3209 752 3256 16
771 3205 876 3271 tamen]
896 3213 954 3257 tam
973 3207 1050 3257 Bere.
1070 3207 1106 3270 (?)

137 3272 142 3339 1
166 3276 226 3340 plus
244 3276 370 3325 blandita
388 3272 511 3322 080111
536 3274 660 3324 blandita
678 3274 740 3338 plus
758 3276 785 3323 11
815 3274 824 3341 ΙΙ
856 3270 966 3341 170111]
989 3290 1023 3325 ac
1039 3275 1065 3323 A
1092 3273 1105 3338 ll

137 3343 169 3391 18
196 3358 250 3393 non
273 3349 330 3392 tam
355 3343 372 3390 (l
402 3337 412 3404 ll
443 3342 477 3390 20
504 3341 642 3391 discerent
664 3340 796 3392 docerent
819 3341 866 3393 sed
889 3343 912 3390 A
945 3340 955 3407 ll
989 3344 1023 3393 23
1051 3357 1108 3392 11011

136 3423 182 3458 om.
200 3411 235 3457 W
263 3407 273 3473 l
302 3411 335 3460 25
356 3406 474 3458 condens
497 3408 678 3472 Woplcemius.
709 3426 742 3459 an
764 3413 953 3475 componens?
984 3408 994 3474 ll
1023 3411 1107 3459 2610

135 3489 262 3590 {pagna
280 3478 308 3524 Η
337 3473 347 3539 l
376 3476 409 3525 28
428 3473 528 3538 quide
557 3474 567 3540 l
597 3478 790 3529 3010011111
814 3476 824 3541 l
852 3480 884 3528 31
905 3473 1027 3543 oppidis]
1048 3480 1110 3541 opl-

156 3555 188 3591 ns
547 3571 553 3581 ·
