2406 4012
134 215 195 279 188
332 216 408 267 vnr.
436 213 586 266 monam
605 212 776 265 unsrun.
793 208 954 279 horreum

132 366 216 430 uotis
238 365 342 429 imber
362 363 505 427 ubertat:
528 364 575 426 ita
589 361 739 425 lacrimae
754 365 830 425 tuae
843 363 979 444 pectora
995 363 1100 427 nostru

132 450 258 535 gaudiis
280 448 469 532 irrigabant,
490 450 539 528 ut,
562 446 709 529 quamuis
730 445 823 509 nefas
844 447 930 509 essct
951 448 985 509 te
1006 446 1096 511 flente

132 534 261 616 laetari,
291 533 437 597 uinceret
457 535 567 595 tamen
594 529 770 615 gratulatio
797 528 1005 614 religionem,
1032 551 1093 595 cum

132 619 283 682 lacrimae
306 617 380 680 illae
401 616 531 699 pietatis
554 617 662 678 essent
682 613 821 696 indices,
844 635 913 677 non
937 613 1060 679 doloris.

106 722 119 760 s
195 701 235 765 X.
279 701 324 764 Et
343 700 425 763 haec
447 700 575 782 quidem
596 699 690 763 nobis
718 698 760 762 ad
781 718 941 762 summam
963 698 1089 783 gratulu-

132 787 254 849 tionem
276 784 422 848 suffieere
443 785 635 866 potuissent,
662 783 789 847 etiamsi
810 782 1025 847 remediorum
1043 802 1089 847 no·

23 872 29 882 '
133 874 272 934 strorum
294 890 384 953 spem
406 868 584 932 distulisses
609 870 642 931 et
663 867 778 950 quibus
798 888 859 930 nos
881 867 997 951 opibus
1017 868 1090 931 leuc

133 958 224 1018 turus
247 975 331 1018 esses
354 952 484 1016 dubium
505 952 699 1034 reliquisses.
731 950 786 1015 sed
808 955 877 1015 tam
898 951 1089 1035 promptulo

132 1042 165 1102 te
188 1042 238 1103 est
255 1042 373 1102 natura
387 1036 541 1101 bonitatis
563 1040 600 1101 ut
615 1035 698 1119 quod
713 1036 768 1119 pia
786 1037 896 1100 mente
919 1035 1092 1119 conceperis
1112 1048 1117 1107 ἶ

95 1148 120 1185 re
134 1124 244 1186 statim
266 1144 344 1187 uoce
367 1121 518 1185 declares.
548 1120 595 1184 sic
617 1121 750 1206 ingenui
772 1120 920 1204 largique
941 1120 1041 1183 fontes
1059 1120 1091 1183 ul

133 1208 251 1290 ubique
272 1206 400 1290 prosint
426 1205 474 1269 ire
495 1205 667 1288 festinant,
696 1205 742 1269 sic
769 1204 918 1269 celeriter
946 1205 982 1268 in
1000 1207 1090 1268 utros

135 1291 222 1356 caelo
244 1293 341 1354 missa
356 1291 557 1373 perueniunt,
580 1291 628 1353 sio
643 1289 780 1372 denique
795 1289 909 1353 diuina
928 1288 987 1353 illu
1001 1308 1090 1369 meus,

134 1397 214 1460 quae
236 1378 341 1439 totum
362 1374 516 1437 mundum
537 1374 625 1437 huno
646 1373 818 1458 gubernat,
841 1372 999 1457 quidquid
1019 1371 1091 1457 cogi

133 1463 218 1524 teuit
238 1460 313 1523 ilico
335 1458 424 1523 facit.
470 1458 504 1521 in
527 1479 589 1541 quo
610 1462 737 1539 tamen,
760 1458 953 1541 imperator,
981 1457 1010 1521 si
1030 1476 1091 1521 uon·

96 1568 121 1607 15
135 1546 242 1609 silium
275 1544 409 1609 alicuius
444 1543 539 1607 amici
571 1542 744 1607 callidioris
778 1541 985 1623 admitteres,
1020 1542 1120 1607 esset¹

134 1629 219 1712 quod
240 1629 376 1693 fortasse
401 1626 665 1711 reprehenderet:
700 1627 837 1690 nimium
858 1630 892 1690 te
914 1626 1039 1691 scilicet
1054 1624 1093 1689 fu·
1119 1686 1128 1705 ,,

135 1713 195 1777 uile
218 1736 255 1777 ea
277 1735 358 1797 quae
380 1713 424 1776 sis
445 1713 623 1776 tributurus
646 1711 769 1794 aperire
794 1713 827 1774 et
848 1711 918 1775 sine
941 1711 1008 1775 ullo
1029 1707 1094 1773 urh'·

135 1798 207 1861 ficio
231 1797 294 1860 cito
316 1818 462 1879 promere
484 1818 563 1879 quae
585 1796 709 1878 sperari
731 1795 786 1858 diu
807 1794 957 1863 debeant.
990 1794 1094 1876 nescir,
1128 1800 1131 1839 ἵ

134 1882 323 1962 imperator,
361 1883 418 1943 tua
451 1880 672 1944 commendare
704 1879 877 1944 beneficia:
919 1876 1095 1977 praestandi
1125 1938 1128 1943 .

97 1987 121 2026 ρο
137 1963 300 2026 eeleritate
333 1983 470 2045 occupas
497 1967 624 2045 tempus
657 1963 799 2047 optandi.
849 1967 972 2028 etemm
1003 1960 1096 2029 indul·

134 2047 264 2131 gentiae
293 2045 455 2110 eeleritate
477 2047 599 2130 uicisti,
630 2049 821 2132 imperator,
850 2049 923 2132 ipsa
946 2048 1097 2113 elementa

135 2131 250 2216 quibus
278 2131 458 2194 animamur
484 2135 517 2195 et
543 2132 693 2196 uiuimus.
737 2132 792 2196 diu
813 2133 943 2196 uenturi
964 2130 1097 2197 hominis

134 2219 246 2300 partus
268 2218 413 2300 optatur,
437 2214 492 2279 diu
513 2216 641 2300 uagitus
663 2217 819 2281 inconditi
841 2216 1026 2283 locuturam
1045 2214 1097 2280 ‹lif-

134 2303 244 2366 ferunt
264 2322 391 2385 uocem,
415 2301 469 2364 diu
490 2301 600 2385 fruges
621 2300 746 2384 hiemps
768 2301 913 2384 cohibet,
939 2322 999 2366 uer
1019 2299 1099 2367 elicit
1129 2312 1131 2318 '

97 2408 123 2448 rs
136 2389 260 2470 tepore,
294 2389 399 2450 aestas
430 2387 547 2450 solidat
580 2385 688 2450 calore
718 2383 899 2472 [maturat]:
943 2388 981 2450 tu
1013 2382 1098 2449 nobis

136 2473 236 2535 uitam
262 2472 383 2554 pariter
411 2474 511 2535 totam
540 2470 671 2553 dedisti,
703 2473 739 2533 tu
763 2469 888 2534 fructus
916 2470 1098 2534 meritorum

135 2560 263 2619 tuorum
284 2555 394 2619 statim
416 2576 477 2619 nos
494 2558 613 2619 metere
637 2558 669 2617 et
690 2553 726 2617 in
741 2553 879 2618 conditis
901 2553 1024 2619 referre
1043 2554 1098 2617 ius

136 2639 217 2703 sisti.
244 2638 442 2700 releuaturus
465 2660 594 2701 censum
617 2638 757 2702 definisti
779 2659 962 2722 numerum,
986 2638 1100 2722 reliqua

138 2718 270 2801 [debita]
291 2720 481 2783 remissurus
504 2724 659 2803 quantum
681 2722 867 2787 deberemus
888 2720 1099 2809 interrogasti.

96 2825 124 2863 ro
136 2823 217 2885 quae
232 2802 441 2888 interrogatio
463 2804 634 2869 manifesta
648 2807 817 2890 promissio
831 2806 905 2872 fuit.
933 2829 1014 2873 nam
1036 2826 1101 2872 cum

136 2889 163 2950 is
178 2886 234 2970 qui
252 2887 361 2952 omnia
375 2891 482 2972 potest
496 2889 572 2972 quid
588 2890 649 2957 sibi
665 2891 816 2956 debeatur
830 2891 1024 2977 interrogat,
1041 2910 1101 2955 uon

203 3063 220 3110 4
238 3060 343 3111 iudices
361 3063 384 3110 Δ
396 3058 406 3125 ΙΙ
420 3064 451 3111 10
468 3061 593 3113 declaras
606 3063 629 3110 Δ
643 3059 649 3128 Ι
663 3063 768 3126 ingenii
786 3062 809 3112 Δ
821 3061 832 3128 l
844 3064 875 3113 11
895 3064 944 3114 ubi
962 3078 1037 3129 pros.
1048 3062 1080 3110 W
1095 3060 1099 3121 l

136 3128 297 3179 festinentw
309 3126 319 3193 ΙΙ
333 3129 669 3194 rrfacitEyssenrardus:
680 3130 779 3180 fecit!
791 3128 801 3195 ΙΙ
815 3128 1102 3181 ItalicuiusssW:

136 3195 252 3246 alienius
265 3196 369 3246 GBert.
384 3195 389 3260 1
405 3196 553 3247 callidioris
565 3213 614 3247 om.
624 3198 699 3247 Bert.
715 3195 727 3263 ΙΙ
740 3200 772 3248 16
786 3198 1038 3264 reprehenderetur
1047 3196 1102 3248 odd·

135 3262 144 3327 ΙΙ
162 3267 194 3315 18
212 3279 325 3329 sperare
343 3262 382 3328 cll
395 3266 428 3313 20
447 3266 549 3315 etenim
566 3266 706 3327 Jueperur:
724 3266 772 3315 sed
792 3267 864 3316 enim
879 3267 908 3314 U
919 3263 930 3332 fl
942 3268 978 3317 24
994 3280 1044 3316 uer
1058 3262 1103 3314 eli·

136 3333 176 3380 cit
193 3338 287 3396 tepore
305 3336 400 3382 aestas
422 3334 516 3395 scripsi
533 3335 549 3382 l.
567 3336 584 3383 l.
604 3335 670 3382 221:
696 3348 763 3383 uere
785 3333 865 3383 licita
888 3339 968 3385 estus
985 3334 1053 3385 flore
1069 3332 1103 3391 Ι,

136 3400 185 3447 nisi
202 3402 270 3463 quod
286 3414 333 3449 uer
349 3402 367 3460 ξ
383 3398 445 3447 licit
461 3401 479 3462 ξ
498 3405 574 3451 estas
592 3401 614 3447 V
634 3413 684 3448 uer
701 3400 880 3467 elicitflores
897 3407 977 3452 entus
995 3416 1021 3451 w
1040 3398 1052 3465 Ι
1073 3400 1104 3449 25

136 3464 228 3514 calore
246 3471 368 3517 maturat
388 3467 535 3517 Acidaliae:
561 3467 637 3517 ealor
656 3472 794 3517 ematurat
811 3469 851 3527 113
876 3474 1001 3521 maturat
1016 3464 1106 3520 securi

136 3528 144 3593 εξ
162 3532 194 3580 27
213 3534 242 3580 in
260 3533 355 3584 condis
372 3532 447 3583 Bert.
465 3531 475 3599 ΙΙ
496 3537 529 3586 29
549 3534 643 3586 debita
662 3537 711 3585 del.
729 3536 914 3587 Ritterrlueiur
