2406 4012
246 98 500 151 consummo
518 97 692 152 AUGUSTO
709 102 744 150 D.
763 103 837 154 1-9.
965 101 1026 166 199

47 248 193 333 peiunus
214 251 381 315 auerteret.
414 270 433 312 ο
456 249 670 313 miserabilem
685 247 921 315 Veronensium
943 252 1026 316 cala·

46 334 221 416 mitatem,
249 354 326 416 quos
353 354 421 397 non
442 336 509 397 tam
530 338 586 397 tua
608 355 704 417 quam
726 335 883 398 intestina
906 337 1026 400 satelli·

50 420 128 483 turn
148 416 266 500 pressit
286 417 424 482 obsidio!
455 419 572 502 quippe
594 418 725 482 Athesis
747 418 802 482 ille
825 420 909 483 saxis
933 442 1026 504 asper

53 505 90 567 et
112 500 296 587 gurgitibus
317 503 493 566 uerticosus
516 508 548 566 et
563 503 684 587 impetu
699 504 790 567 ferox
812 507 1026 589 oppugnatio·

53 608 132 651 nem
143 585 336 670 prohibebat
351 608 541 671 omnemque
555 590 641 652 retro
656 587 820 672 regionem
835 590 1052 654 inuehendisu

55 672 160 754 copiis
187 674 292 735 tutam
319 671 544 755 defensamque
571 673 765 755 praestabat.
810 675 894 757 quod
916 677 1026 739 tamen

54 777 100 819 ne
132 754 254 820 diutius
280 754 404 820 hostem
438 757 564 820 iuuaret
591 756 793 840 prouidentia
819 763 875 821 tua
905 758 1026 823 factum

52 844 122 923 est,
150 861 223 903 cum
245 839 459 923 superioribus
481 841 517 904 in
540 841 631 923 locis,
659 862 723 924 qua
743 840 846 905 lenior
868 844 971 906 amnis
995 849 1027 906 et

55 923 168 1009 ignari
188 924 298 988 hostes
320 928 420 1009 erant,
444 926 601 989 exercitus
623 928 715 1007 parte
736 925 870 989 traiecta
892 928 1027 1011 ancipiti

56 1008 219 1093 periculo,
261 1010 387 1073 clausos
422 1010 630 1092 obsessosque
667 1011 785 1073 omissa
816 1031 942 1073 remora
974 1032 1026 1075 ex·
1041 1029 1066 1069 ro

55 1093 158 1176 periri
180 1093 277 1157 armis
299 1093 434 1177 coegisti
456 1094 597 1178 adeoque
617 1116 727 1158 omnes
750 1096 806 1176 qui
825 1096 1026 1179 eruptionem

56 1179 296 1261 temptauerant
317 1178 461 1242 cecidisti
482 1182 518 1242 ut
540 1181 603 1242 dux
622 1179 692 1262 ipse
714 1200 786 1243 cum
806 1183 899 1262 parte
923 1182 1027 1264 copia·

57 1282 131 1325 rum
154 1260 196 1325 ad
211 1263 400 1327 arcessenda
415 1264 533 1327 auxilia
554 1264 654 1326 muris
671 1265 851 1347 excesserit,
873 1266 1027 1330 maiorem

57 1346 157 1410 miser
171 1346 365 1411 adducturus
381 1348 553 1411 exercitum
571 1351 608 1411 ut
621 1348 741 1412 maiore
755 1350 911 1413 comitatu
927 1350 1026 1414 cladis

58 1429 227 1494 occideret.
272 1451 334 1515 quo
364 1432 490 1514 quidem
512 1435 654 1515 tempore
681 1433 851 1514 praecipua
878 1435 1026 1517 apparuit
1040 1451 1064 1492 15

57 1518 125 1597 tua,
148 1514 330 1598 imperator,
356 1537 432 1579 cura
452 1516 547 1581 simul
570 1519 603 1579 et
624 1516 724 1579 animi
745 1517 943 1600 magnitudo,
972 1518 1027 1600 qui

57 1599 210 1664 redeunti
230 1600 279 1663 illi
301 1600 423 1664 minore
444 1600 585 1664 exercitu
607 1599 760 1684 congredi
781 1621 875 1683 quam
891 1600 1027 1665 obsidio·

58 1704 135 1747 nom
157 1683 369 1748 intermittere
390 1684 550 1768 maluisti,
581 1706 622 1748 ne
649 1685 808 1768 respirare
830 1684 944 1748 clausis
973 1690 1028 1749 aut

58 1767 105 1831 eff
148 1789 199 1833 ere
222 1772 277 1832 aut
296 1769 464 1833 imminere
485 1773 579 1854 tergo
602 1769 720 1833 liceret.

142 1852 181 1915 X.
210 1852 256 1916 Et
269 1853 374 1936 primo
389 1854 525 1937 quidem,
542 1857 578 1918 ut
592 1854 695 1938 audio,
713 1854 815 1918 aciem
829 1854 1027 1919 instruxeras
1041 1871 1066 1911 2⁰

59 1936 235 2020 duplicem,
266 1959 340 2001 mox
365 1938 493 2021 prouiso
523 1939 739 2003 aduersarium
766 1960 900 2003 numero
930 1940 1029 2023 expli·

60 2021 129 2085 cari
161 2022 272 2085 statim
308 2022 344 2085 in
376 2022 514 2086 frontem
547 2024 674 2088 ordines
707 2027 740 2087 et
771 2024 900 2087 extendi
932 2024 1029 2087 latius

59 2126 150 2169 arma
171 2105 302 2189 iussisti7
325 2128 363 2170 ex
381 2111 437 2171 tuo
459 2108 565 2172 animo
587 2108 739 2172 nimirum
762 2108 887 2170 animos
902 2109 1029 2169 tuorum

60 2191 205 2253 omnium
230 2191 382 2273 metiens;
416 2195 560 2274 quamuis
583 2193 714 2276 grauius
736 2191 812 2254 inde
834 2190 959 2273 pondus
981 2191 1029 2253 in-

59 2274 162 2359 sringi
183 2296 276 2358 posse
301 2276 424 2359 impetu
444 2276 641 2359 pauciorum.
685 2275 814 2338 laudare
841 2295 892 2336 me
921 2273 1028 2336 existi·
1042 2290 1067 2330 25

59 2380 141 2442 mas,
163 2359 347 2443 imperator,
373 2363 488 2427 cuncta
509 2381 590 2443 quae
612 2360 646 2422 in
668 2359 723 2422 illo
745 2357 867 2441 proelio
890 2356 1028 2421 feceris?

59 2464 123 2527 ego
151 2465 227 2508 uero
256 2445 373 2508 iterum
400 2458 523 2528 queror.
566 2463 775 2528 prospexeras
808 2441 933 2524 omnia,
968 2442 1032 2505 dis·

59 2548 213 2611 posueras
239 2529 404 2613 uniuersa,
439 2529 554 2593 summi
581 2527 782 2612 imperatoris
811 2526 919 2592 officia
947 2547 1031 2591 com·

59 2617 218 2694 pleueras.
256 2634 312 2677 our
333 2615 403 2698 ipse
424 2613 600 2698 pugnasti?
623 2617 733 2678 curte
755 2612 953 2677 densissimis
975 2611 1030 2677 ho·

131 2822 147 2869 3
166 2822 253 2869 atexis
271 2820 335 2868 ΠΙ
353 2820 461 2870 athexis
478 2817 519 2884 111
536 2836 617 2886 asper
635 2836 681 2871 om.
696 2819 770 2869 Bert.
784 2816 823 2883 114
840 2817 971 2882 impedito
988 2816 1029 2881 ΔΙ

59 2888 269 2952 oppugnatione
287 2889 351 2937 ΔΨ
363 2886 401 2952 1Ιὸ
419 2888 581 2938 inuehendis
592 2888 738 2936 Liuineius:
756 2887 785 2934 in
802 2885 950 2934 euchendis
967 2885 1031 2932 ΔΨ

60 2953 139 3005 Bert.
160 2954 307 3005 enehendis
325 2956 345 3003 B
363 2958 381 3003 c
399 2956 511 3004 suendis
529 2957 552 3003 V
568 2951 578 3019 ΙΙ
595 2955 611 3003 8
629 2953 718 3003 leuior
736 2954 758 3000 Δ
774 2953 795 3000 B
814 2953 835 2999 V
851 2949 861 3015 ss
878 2954 894 3002 9
912 2952 1032 3001 traiecta

61 3022 141 3072 Miclr.
157 3022 316 3088 Uirdunpas:
336 3024 458 3088 proiecta
469 3024 497 3070 n
508 3019 520 3088 ΙΙ
533 3024 564 3073 10
583 3021 701 3072 obmissa
713 3033 750 3069 w:
770 3019 904 3070 obmisaos
916 3020 944 3065 11
955 3016 1031 3069 Bert.

64 3086 68 3151 Ι
82 3104 189 3139 remora
201 3106 263 3155 epo:
276 3106 388 3155 pemora
398 3093 426 3138 11
439 3087 569 3154 (morali)
583 3102 630 3153 spe
641 3103 734 3137 morae
746 3101 771 3137 w
783 3084 793 3152 ΙΙ
807 3089 836 3136 11
852 3087 897 3150 qui
911 3085 1031 3149 eruptio·

61 3171 126 3206 nem
143 3161 348 3222 temptaueraut
365 3172 404 3208 w:
423 3159 528 3222 eruptio
546 3160 731 3220 temptauorat
742 3156 770 3202 n
788 3168 842 3218 qua
854 3153 963 3217 eruptio
976 3158 1033 3202 ten·

62 3228 126 3275 tata
144 3230 205 3275 erat
216 3228 348 3277 Liuineius
360 3223 370 3292 11
384 3229 415 3277 12
433 3226 488 3276 dux
504 3226 565 3290 ipse
585 3239 646 3273 cum
658 3236 695 3272 w:
714 3223 774 3288 ipse
792 3236 853 3271 cnm
872 3221 926 3270 dux
937 3217 1031 3285 11121

61 3292 251 3343 aduersarium
263 3295 300 3343 A:
313 3295 530 3345 aduersariorum
539 3291 651 3349 Bcvm
669 3291 705 3354 cf.
716 3291 796 3351 Neue,
805 3289 943 3340 lat.Form.
955 3289 970 3338 1
980 3292 1032 3339 113

63 3356 77 3425 ΙΙ
90 3362 124 3411 23
137 3361 243 3412 animos
255 3366 364 3412 tuorum
377 3362 495 3412 omniurn
506 3360 592 3411 om.W
603 3361 630 3408 in
641 3360 690 3408 lac.
703 3359 778 3408 81111.
793 3354 802 3422 11
815 3359 848 3408 25
861 3356 970 3407 laudari
982 3357 1005 3406 Δ
1018 3353 1030 3423 ll

62 3430 97 3478 2⁷
114 3443 218 3493 quaero
237 3430 372 3480 Acidaliae
388 3426 399 3493 ΙΙ
416 3431 449 3480 28
467 3429 558 3480 omnia
575 3426 708 3476 uniuersa
726 3425 800 3475 Bcrt.
816 3424 880 3488 fort.
899 3431 970 3477 recte
