2394 3990
390 162 550 214 TRAIANO
569 163 601 217 D.
622 166 697 214 1-3.
1004 164 1024 226 3

54 319 118 379 tam
144 312 349 378 senatorium
370 333 466 396 quam
487 311 567 375 illud
589 312 732 376 additum
755 312 888 376 anobis
910 313 1025 396 optimi

10 426 12 431 ·
56 398 258 485 cognomen?
282 396 367 481 quod
388 396 547 480 peculiare
569 396 663 460 huius
686 400 718 461 et
745 397 909 481 proprium
937 419 1024 461 arro-

10 512 14 519 ·
55 484 165 569 gantia
200 483 347 566 priorum
380 481 561 565 principum
598 481 685 546 fecit.
731 483 895 546 enimuero
928 503 1023 565 quam

15 644 18 649 Ι
57 589 233 645 commune,
257 586 355 649 quam
377 587 415 629 ex
437 587 536 649 aequo
559 567 643 648 quod
664 565 775 630 felices
797 587 867 649 nos,
895 565 1023 630 felicem

55 654 140 717 illum
155 648 381 736 praedicamus
396 648 590 733 alternisque
605 651 688 715 uotis
704 650 795 715 ‘haec
816 651 922 734 iaciat,
944 651 1049 715 baeer

10 750 15 829 ζ
56 738 185 819 audiat',
210 734 304 820 quasi
322 755 389 797 non
406 734 523 798 dicturi
544 734 606 797 nisi
620 733 744 818 fecerit,
767 738 1021 819 comprecamur!

10 834 23 891 -·-,
56 821 94 885 ad
114 842 198 905 quas
221 819 277 883 ille
299 839 393 882 uoces
415 818 554 883 lacrimis
585 819 682 883 etiam
711 840 747 883 ac
774 821 876 883 multo
902 820 1022 903 pudore

57 905 261 1052 relinquimur.
300 903 448 988 agnoscit
462 903 549 967 enim
572 904 731 986 sentitque
754 904 825 987 sibi,
848 925 914 967 non
936 905 1024 986 prin-

58 1010 115 1053 crr
158 1011 215 1053 rer.

20 1152 23 1157 Ι
83 1012 175 1139 pIII.
220 1072 329 1157 Igitur
354 1072 436 1155 quod
460 1074 747 1155 temperamentum
774 1093 884 1136 omnes
911 1073 945 1136 in
966 1071 1022 1136 illo
1037 1091 1061 1130 10

58 1158 159 1222 subito
180 1156 316 1241 pietatis
338 1155 442 1220 calore
464 1177 646 1237 seruamus,
674 1156 735 1220 hoc
757 1157 877 1242 singuli
900 1179 1022 1241 quoque

23 1304 26 1309 .
58 1241 264 1326 meditatique
279 1244 444 1304 teneamus
466 1241 664 1323 sciamusque
686 1241 809 1305 nullum
830 1263 899 1306 esse
920 1265 1022 1327 neque

27 1326 30 1331 '
60 1326 208 1390 sincerius
243 1345 347 1408 neque
382 1325 544 1408 acceptius
578 1346 680 1408 genus
714 1328 892 1410 gratiarum
927 1348 1022 1410 quam

31 1466 34 1471 .
60 1429 115 1494 quo
148 1411 223 1474 illas
257 1408 502 1473 acclamationes
538 1409 732 1473 aemulemur
764 1432 843 1493 quae
877 1411 1022 1494 fingendi

31 1574 34 1579 Ι
60 1514 121 1557 non
140 1494 264 1559 habent
291 1497 427 1577 tempus.
466 1496 620 1577 quantum
649 1494 690 1558 ad
720 1516 770 1558 me
798 1495 949 1577 pertinet,
977 1495 1060 1557 la-15

61 1576 172 1643 borabo
195 1583 232 1642 ut
255 1577 433 1641 orationem
454 1599 557 1642 meam
583 1577 621 1640 ad
648 1576 839 1641 modestiam
866 1579 1021 1661 principis

34 1690 38 1709 =
62 1663 370 1746 moderationemque
391 1662 589 1744 submittam,
610 1682 671 1725 neo
693 1662 799 1725 minus
815 1661 1022 1726 considerabo

36 1747 132 1829 'quid
159 1769 250 1812 aures
278 1746 348 1810 eius
375 1747 444 1829 pati
472 1745 598 1830 possint
626 1767 722 1829 quam
750 1745 825 1828 quid
848 1747 1021 1811 uirtutibus

43 1830 213 1896 debeatur.
250 1852 374 1915 magna
400 1834 432 1894 et
459 1830 615 1895 inusitata
642 1830 798 1914 principis
826 1832 940 1916 gloria,
971 1833 1022 1897 oui

42 1916 175 1999 ¹gratias
197 1919 329 1981 acturus
352 1936 418 1980 non
444 1918 510 1979 tam
532 1936 644 1979 uereor
670 1937 784 1980 neme
811 1917 846 1980 in
874 1917 1021 1982 laudibus
1035 1934 1060 1974 20

66 1999 122 2063 suis
141 2022 274 2084 parcum
296 2021 393 2083 quarn
415 2021 456 2064 ne
477 1999 612 2062 nimium
634 2003 735 2083 putet.
767 2000 845 2066 haec
860 2024 911 2066 me
934 2024 1020 2086 cura,

66 2078 133 2149 boec
147 2085 320 2149 difficultas
344 2084 412 2148 sola
427 2086 627 2148 circumstat:
649 2107 725 2148 nam
739 2086 877 2150 merenti
898 2088 1021 2170 gratias

68 2186 148 2251 egere
168 2170 264 2235 facile
286 2171 344 2253 est,
373 2172 480 2253 patres
510 2169 692 2252 conscripti.
731 2191 796 2233 non
825 2171 911 2235 enim
940 2173 1022 2253 peri·

69 2249 159 2317 culum
180 2257 296 2338 estne,
321 2275 393 2317 oum
415 2253 528 2337 loquar
543 2253 581 2316 de
601 2253 813 2334 humanitate,
837 2255 1022 2337 exprobrari

70 2334 120 2400 sibi
139 2338 321 2423 superbiam
345 2337 465 2417 credat,
488 2359 560 2402 cum
574 2337 612 2402 de
634 2337 830 2421 frugalitate,
852 2338 1020 2419 luxuriam,
1035 2355 1060 2394 25

70 2436 129 2484 cum
148 2423 186 2487 de
201 2423 386 2503 clementia,
410 2422 642 2503 crudelitatem,
667 2443 739 2485 cum
754 2421 792 2484 de
814 2420 1020 2504 liberalitate,

71 2506 232 2591 saeuam,
267 2528 339 2572 cum
375 2506 413 2571 de
447 2507 659 2592 benignitate,
696 2506 843 2589 liuorem,
874 2527 945 2570 cum
982 2507 1020 2571 de

73 2591 263 2663 continentia,
287 2590 465 2672 libidinem,
489 2613 560 2656 oum
574 2591 613 2654 de
629 2591 749 2674 labore,
772 2591 932 2677 inertiam,
949 2614 1021 2656 cum

70 2668 316 2759 detortitudine,
339 2675 494 2741 timorem⁴
533 2698 570 2741 sc
592 2697 634 2739 ne
656 2675 734 2739 illud
758 2676 885 2759 quidem
908 2699 1022 2742 uereor

55 2772 103 2820 ne
119 2765 228 2843 gratus
250 2760 438 2846 ingratusne
460 2761 580 2843 uidear,
603 2762 701 2842 prout
721 2761 800 2824 satis
822 2765 878 2825 aut
906 2784 1020 2844 parum
1033 2781 1058 2820 so

69 2836 171 2909 dixero.
213 2843 435 2909 animaduerto
478 2845 564 2910 enim
600 2844 697 2907 etiam
733 2844 808 2909 deos
840 2846 927 2929 ipsos
954 2868 1021 2910 non

68 2924 122 2991 lem
141 2930 302 2995 accuratis
324 2929 525 2995 adorantium
546 2928 696 3013 precibus
718 2950 814 3013 quam
836 2931 1021 2995 innocentia

68 3010 94 3071 el
120 3014 292 3079 sanctitate
327 3014 441 3078 laetari
477 3014 713 3100 gratioremque
752 3015 928 3080 existimari
967 3015 1021 3098 qui

67 3088 191 3163 delubris
215 3119 325 3162 eorum
346 3120 459 3182 puram
482 3102 666 3180 castamque
688 3101 830 3163 mentem
849 3121 945 3184 quam
966 3099 1021 3181 qui

63 3180 242 3251 redituum
265 3204 394 3247 carmen
416 3183 575 3248 intulerit.
1032 3202 1057 3242 ss

66 3296 256 3316 ⁸——

119 3356 134 3405 ὁ
151 3354 352 3419 alteriusqusc
369 3351 381 3421 l}
396 3356 412 3405 6
430 3359 508 3407 nost)
525 3353 536 3422 ΙΙ
553 3357 568 3406 7
588 3351 692 3418 pudore
710 3355 796 3406 multo
815 3355 848 3404 W
864 3352 874 3418 ΙΙ
890 3357 906 3406 8
925 3357 1021 3405 sentit-

88 3432 164 3476 eorr.
183 3422 227 3486 W,
247 3424 309 3473 add.
328 3435 353 3471 w
370 3439 450 3488 marg.
468 3420 478 3488 ΙΙ
500 3426 532 3474 14
551 3435 605 3487 quo
622 3423 730 3483 scripsi.-
754 3422 826 3487 quod
842 3425 870 3470 Ι
891 3420 901 3487 l
926 3425 958 3473 14
976 3439 1021 3473 ae-

88 3486 167 3541 ulatur
189 3490 267 3556 erup.
292 3488 303 3555 l
326 3491 360 3540 22
379 3489 594 3542 circumstance
618 3485 627 3552 ΙΙ
651 3489 686 3537 24
704 3490 849 3552 exprobari
867 3491 907 3542 W.

870 3576 900 3623 1*
