2394 3990
247 214 501 269 cousrrurmo
521 215 691 269 auousro
710 219 743 268 u.
764 220 839 269 3-5.
966 217 1027 283 163

53 368 213 450 impressa
240 365 395 430 uideatur.
439 365 524 429 idem
552 366 637 430 enim
665 369 714 430 est
741 388 834 451 quem
859 389 969 432 rursus
992 369 1026 432 in

53 456 86 517 te
110 451 247 516 colimus
268 453 430 535 aspectus,
460 450 570 514 eadem
597 452 633 514 in
654 450 763 515 fronte
785 452 946 536 grauitas,
977 473 1026 517 ea·

54 537 128 602 dem
150 535 187 599 in
210 533 311 599 oculis
334 537 367 598 et
388 535 423 598 in
445 556 499 598 ore
521 535 748 620 tranquillitas.
791 537 837 601 sic
859 540 907 601 est
928 537 1026 601 index

53 621 232 686 modestiae
254 619 365 698 rubor,
395 619 441 683 sic
463 620 553 683 testis
576 620 716 685 iustitiae
744 642 858 686 sermo.
904 622 1023 706 accipe,

54 706 240 790 imperator,
270 724 335 768 uon
357 704 532 786 ancipitem
560 708 743 769 nostrorum
770 727 921 770 sensuum
952 725 1051 771 con-5

54 790 248 855 sessionem:
276 787 364 852 dolet
385 789 467 871 quod
491 788 699 854 Constantius
722 791 857 855 excessit
880 792 1024 875 anobis,

54 874 120 958 sed,
144 872 223 938 dum
236 875 269 937 te
286 871 455 956 cernimus,
478 872 571 938 illum
585 874 757 938 excessisse
771 895 839 938 non
856 876 1023 939 credimus

53 980 151 1044 quam
173 979 248 1022 uam
269 957 346 1040 quid
368 958 540 1045 egoillum
563 959 737 1023 excessisse
758 959 842 1042 dico,
865 959 954 1023 cuius
977 960 1024 1023 in-

52 1046 157 1109 morta
174 1043 204 1107 'a
230 1041 319 1106 facta
347 1041 462 1106 uiuunt
488 1045 521 1106 et
549 1043 583 1107 in
610 1064 664 1108 ore
692 1043 835 1108 omnium
857 1042 1024 1108 hominum

55 1128 219 1212 oculisque
240 1127 437 1191 uersentur?
1037 1146 1062 1186 ro

117 1211 159 1277 V.
204 1210 283 1286 Quis
309 1211 395 1275 enim
422 1232 490 1275 non
512 1211 583 1275 dico
611 1212 844 1296 reminiscitur,
876 1213 931 1276 sed
954 1213 1024 1298 quis
1127 1258 1130 1262 ι

54 1317 120 1361 non
148 1295 255 1361 adhuc
282 1295 420 1379 quodam
447 1295 542 1359 modo
574 1295 662 1360 uidet
689 1298 819 1379 quantis
847 1297 902 1362 ille
930 1299 1024 1362 rebus

55 1381 181 1447 auxerit
202 1380 386 1464 ornaritque
408 1401 477 1444 rem
499 1380 682 1464 publicam?
728 1383 781 1466 qui
804 1381 944 1447 adscitus
967 1384 1024 1446 im·

94 1466 143 1530 rio
158 1465 265 1549 primo
287 1465 429 1529 aduentu
445 1486 503 1529 suo
522 1465 750 1530 innumerabili
764 1467 905 1530 hostium
923 1467 1024 1530 classe

53 1486 235 1615 diruentem
263 1549 398 1614 exclusit
424 1570 578 1614 oceanum
606 1556 635 1614 et
656 1549 829 1614 exercitum
851 1549 942 1613 illum
969 1550 1023 1632 qui
1036 1567 1064 1608 15

53 1632 271 1699 Bononiensis
299 1634 408 1718 oppidi
435 1633 512 1698 litua
538 1633 699 1698 insederat
726 1637 812 1699 terra
837 1633 959 1716 pariter
986 1655 1023 1698 ac

54 1720 136 1784 mari
158 1720 294 1803 saepsit,
328 1740 399 1782 cum
427 1718 607 1801 reciprocos
636 1720 742 1782 aestus
763 1717 850 1782 illius
873 1717 1024 1783 elementi

11 1880 17 1885 ,
53 1803 147 1869 iactis
168 1803 256 1868 inter
276 1802 379 1867 undas
401 1803 495 1866 uallis
517 1802 708 1886 diremisset,
731 1805 776 1886 ut,
799 1824 935 1887 quorum
952 1825 1023 1887 por·

10 1932 12 1937 -
52 1890 103 1953 tas
128 1887 247 1954 fluctus
275 1887 426 1971 allueret,
461 1888 490 1952 ei
518 1908 579 1970 quo
607 1909 694 1952 mare
719 1891 893 1973 tangerent
919 1888 1023 1972 perdi·

54 1970 187 2038 dissent.
219 1972 275 2056 qui
298 1972 408 2037 eodem
424 1973 564 2037 exercitu
586 1973 705 2037 uirtute
722 1977 827 2057 capto,
852 1973 1061 2039 clementiam

12 2064 25 2121 t.
55 2061 260 2141 conseruato,
298 2057 373 2121 dum
405 2057 609 2121 aedificandis
645 2058 799 2123 classibus
832 2057 1022 2123 Britanniae

53 2142 243 2226 reciperatio
271 2144 488 2226 comparatur,
522 2145 641 2206 terrem
667 2143 836 2207 Batauiam
863 2143 922 2207 sub
952 2144 1023 2206 iso

54 2226 216 2309 quondam
239 2226 368 2291 alumno
390 2248 447 2292 suo
470 2248 489 2290 a
511 2225 645 2291 diuersis
661 2226 857 2290 Francorum
871 2166 1021 2310 gentidus

23 2314 26 2319 '
54 2314 244 2395 occupatam
273 2312 361 2375 omni
387 2310 481 2375 hoste
509 2311 660 2395 purgauit
690 2331 750 2374 nec
778 2312 947 2373 contentus
976 2309 1021 2371 ui-

27 2394 136 2461 'tisse
162 2396 250 2480 ipsas
277 2396 313 2459 in
334 2395 498 2460 Romanas
524 2394 691 2459 transtulit
718 2393 865 2457 nationes
898 2395 934 2455 ut
955 2414 1022 2456 non
1035 2407 1061 2447 2⁵

55 2478 159 2545 solum
179 2502 277 2563 arma,
302 2480 358 2544 sed
380 2481 476 2545 etiam
496 2480 658 2543 feritatem
680 2498 798 2561 ponere
821 2480 1021 2562 cogerentur.

31 2590 39 2639 -3
53 2584 128 2629 nam
150 2565 227 2649 quid
249 2585 310 2649 ego
332 2564 371 2629 de
393 2565 576 2648 receptione
598 2562 788 2627 Britanniae
810 2561 945 2647 loquar?
981 2562 1021 2626 ad

32 2668 148 2733 :quam
170 2649 217 2714 ita
239 2649 347 2733 quieto
369 2650 450 2714 mari
465 2647 632 2733 nauigauit
653 2651 689 2712 ut
704 2669 842 2712 oceanus
864 2647 917 2712 ille
932 2650 1022 2712 tanto

35 2736 183 2815 ,uectore
205 2734 404 2817 stupefactus
434 2733 573 2798 caruisse
595 2734 660 2798 suis
686 2732 825 2797 motibus
847 2732 1020 2817 uideretur,

37 2816 99 2883 iiia
118 2821 291 2903 peruectus
319 2822 355 2882 ut
381 2839 447 2883 non
475 2819 625 2882 comitata
651 2818 743 2882 illum
765 2818 824 2900 sit,
853 2818 905 2881 sed
930 2839 1019 2900 prae·
1034 2832 1060 2873 ³0

38 2900 171 2969 'stolata
190 2903 334 2967 uictoria.

118 3076 234 3125 turmo
246 3075 370 3125 institiae
380 3076 489 3124 ΜΠ
501 3072 505 3139 l
519 3074 664 3140 accipitcA
677 3071 687 3137 ΙΙ
700 3076 715 3124 5
726 3073 903 3137 fiancipitem
913 3073 1021 3136 scripsi:

45 3136 203 3209 'ancipitem
212 3142 247 3190 W
260 3143 406 3207 aecipitem
418 3143 440 3190 Δ
454 3142 513 3193 acci
533 3142 636 3192 ientem
648 3142 721 3190 liert.
735 3140 829 3205 accipe
841 3141 861 3189 B
873 3140 922 3187 GV
938 3138 942 3202 1
958 3153 1019 3188 sen-

46 3208 130 3261 'num
148 3211 238 3261 om
259 3207 270 3276 11
291 3211 307 3259 6
326 3210 450 3260 dolemus
468 3223 492 3257 w
514 3158 532 3274 d
549 3213 580 3261 13
599 3209 793 3273 orneueritque
814 3208 886 3258 Bere.
910 3204 920 3270 ΙΙ
943 3208 975 3256 15
993 3211 1022 3254 et

145 3293 157 3327 .·
175 3292 223 3329 om.
239 3279 267 3326 Ι
284 3279 488 3342 exercitumque
505 3279 564 3328 edd.
577 3275 587 3342 ΙΙ
601 3279 632 3326 17
650 3280 742 3326 aestus
757 3276 903 3326 Liuineius:
922 3288 1020 3324 sensus

52 3340 79 3376 ¹
93 3358 193 3397 onnus
210 3358 236 3394 v
252 3342 263 3409 l
282 3346 313 3395 18
333 3347 421 3395 iactus
439 3347 475 3405 rt,
493 3360 560 3397 corr.
578 3358 603 3393 w
619 3341 629 3408 ll
648 3345 680 3394 19
698 3342 817 3394 allueret
834 3343 962 3406 Lanpiue:
982 3340 1021 3390 el-

80 3414 183 3465 eret!
196 3411 202 3477 Ι
217 3413 243 3462 ei
261 3428 314 3477 quo
332 3428 406 3464 mare
423 3415 533 3477 scripsi:
551 3427 625 3461 mare
642 3417 671 3461 et
690 3413 761 3475 quod
773 3413 800 3459 Μ
818 3423 891 3459 mare
909 3409 980 3473 quod
996 3423 1020 3457 w

93 3494 174 3533 mre
189 3494 244 3545 quo
260 3482 406 3540 Acidaliae,
430 3482 475 3531 alii
491 3482 543 3530 ulio
568 3478 579 3544 ΙΙ
602 3481 635 3529 22
653 3480 738 3544 reoip.
756 3482 790 3528 A:
815 3493 906 3541 recup.
927 3485 985 3528 cett.
1015 3476 1018 3501 ³

80 3549 196 3599 suniam
213 3550 241 3597 Ι
252 3544 263 3613 Η
275 3550 309 3599 25
329 3551 409 3599 malim
427 3548 455 3597 iu
473 3548 594 3598 Romana
606 3545 616 3610 ΙΙ
629 3549 662 3597 30
680 3563 713 3596 un
731 3549 771 3597 ita
791 3552 833 3597 est
851 3546 905 3595 cito
925 3548 1020 3609 pern?

816 3628 866 3681 ll*
