2406 4012
1138 39 1195 182 l

180 364 309 425 tantum
336 358 510 442 amicitiae,
538 358 633 421 inane
662 356 786 421 scilicet
812 358 1022 442 irrisumque,
1051 380 1159 425 rema·
1193 362 1195 367 ’

181 446 288 510 nebat.
318 466 394 508 nam
417 443 471 526 qui
492 444 618 525 poterat
639 463 707 505 esse
728 442 814 506 inter
830 463 883 506 eos
898 443 1055 529 amicitia,
1081 466 1157 529 quo

182 552 253 593 rum
276 530 337 593 sibi
360 527 481 591 domini
503 527 568 610 alii,
592 526 647 589 alii
662 525 747 589 serui
766 526 978 591 uidebantur?
1010 532 1047 593 lu
1069 528 1157 595 hanc

182 614 308 697 pulsam
336 617 368 675 et
396 613 554 674 errantem
582 610 752 674 reduxisti:
779 610 879 674 habes
909 612 1048 696 amicos,
1080 617 1155 697 quia

157 698 302 761 samicus
329 696 398 778 ipse
426 717 469 759 es.
511 716 614 778 neque
644 695 728 758 enim
761 698 798 758 ut
831 695 895 759 alia
923 696 1080 761 subiectis
1109 700 1155 764 ita

182 802 269 845 amor
295 781 485 862 imperatur,
514 800 617 861 neque
646 782 696 842 est
725 778 808 842 ullus
838 780 969 844 affectus
994 784 1066 845 tarn
1090 804 1155 848 ere·

182 869 253 928 ctus
269 868 301 928 et
316 865 397 929 liber
412 867 444 928 et
465 863 691 928 dominationis
706 864 880 946 impatiens
894 886 954 929 nec
969 866 1027 948 qui
1047 869 1154 953 magis

181 951 267 1013 uices
283 951 332 1013 exi
358 952 399 1013 at.
429 951 536 1032 potest
550 948 701 1030 princeps
721 947 857 1012 fortasse
878 949 995 1033 inique,
1021 952 1152 1038 [potest]

181 1037 289 1098 tamen
312 970 384 1097 odio
408 1054 563 1098 essenon
584 1031 690 1111 nullis,
714 1031 839 1096 etiamsi
864 1033 933 1116 ipse
947 1055 1018 1098 non
1034 1036 1152 1101 oderit:

144 1121 292 1201 reamari,
315 1118 378 1181 nisi
397 1119 467 1199 ipse
487 1119 581 1198 amet,
603 1137 668 1179 non
688 1118 804 1199 potest.
836 1116 945 1201 diligis
967 1139 1056 1204 ergo,
1082 1142 1153 1184 cum

183 1202 336 1285 diligaris,
360 1204 393 1264 et
413 1201 447 1264 in
472 1221 509 1263 eo
533 1200 618 1283 quod
639 1202 799 1281 utrimque
818 1200 1084 1267 honestissimum
1106 1210 1154 1269 est

181 1288 252 1348 tota
274 1285 376 1368 gloria
398 1287 454 1347 tua
476 1286 538 1368 est3
563 1284 616 1366 qui
637 1286 781 1367 superior
799 1285 904 1349 factus
927 1286 1097 1351 descendis
1119 1290 1152 1353 in

182 1369 289 1431 omnia
317 1367 544 1431 familiaritatis
573 1368 679 1432 officia
707 1373 739 1432 et
766 1370 801 1432 in
831 1370 968 1434 amicum
991 1393 1031 1435 ex
1052 1373 1154 1457 impe·

182 1456 289 1516 ratore
312 1453 525 1537 submitteris;
548 1453 645 1516 immo
660 1456 738 1517 tunc
759 1455 897 1518 maxime
912 1455 1152 1541 imperatorem,

144 1560 169 1599 15
184 1559 256 1602 cum
283 1538 421 1601 amicum
449 1537 527 1621 agis.
564 1539 682 1601 etenim
718 1558 791 1601 cum
823 1538 969 1621 plurimis
1002 1541 1153 1607 amicitiis

182 1623 313 1686 fortuna
325 1624 508 1707 principum
521 1621 676 1705 indigeat,
699 1623 905 1706 praecipuum
926 1626 975 1687 cst
995 1625 1153 1710 principis

183 1728 261 1790 opus
284 1709 402 1771 amicos
424 1727 549 1790 parare.
581 1706 706 1789 placeat
726 1707 786 1769 tibi
807 1728 932 1790 semper
952 1706 1033 1774 haec
1056 1716 1152 1795 secta,

183 1798 216 1853 et
238 1813 309 1855 curn
331 1791 471 1874 reliquas
501 1791 636 1853 uirtutes
665 1793 737 1853 tuas
759 1794 829 1854 tum
850 1790 935 1855 hanc
958 1796 1152 1859 constantis·

183 1875 262 1937 sime
283 1879 403 1955 teneas
431 1896 492 1938 nec
513 1890 665 1956 umquam
691 1874 751 1937 tibi
778 1876 1010 1959 persuadeatur
1031 1878 1153 1943 humile

145 1981 170 2018 ao
183 1978 251 2021 esse
271 1958 410 2041 principi
430 1958 494 2021 nisi
516 1958 630 2021 odisse.
664 1957 928 2024 iucundissimum
943 1964 992 2025 est
1006 1962 1041 2026 in
1055 1964 1152 2028 rebus

182 2041 331 2104 humanis
354 2042 463 2122 amari,
488 2041 625 2105 sednon
638 2044 744 2106 minus
760 2065 876 2108 amare.
904 2067 1040 2128 quorum
1063 2050 1157 2112 ntro-'

183 2147 243 2208 que
271 2126 317 2189 ita
345 2125 460 2189 frueris
488 2131 540 2210 ut,
578 2146 650 2189 cum
677 2127 746 2210 ipse
773 2129 994 2195 ardentissime
1024 2131 1151 2217 diligas,

184 2209 287 2273 adhuc
308 2214 418 2274 tamen
440 2211 602 2274 ardentius
625 2211 785 2295 diligaris:
817 2214 956 2296 primurn
978 2215 1054 2298 quia
1075 2216 1152 2281 tirci-

183 2295 244 2359 lius
280 2299 328 2362 est
357 2317 457 2359 unum
491 2317 598 2360 amare
632 2317 728 2379 quam
755 2297 888 2382 multos;
928 2298 1044 2364 deinde
1077 2302 1152 2385 quia

144 2400 170 2440 as
182 2380 243 2443 tibi
271 2381 391 2445 amicos
419 2386 492 2445 tuos
520 2381 685 2465 obligandi
715 2379 806 2444 adest
831 2382 969 2447 facultas
995 2386 1090 2449 tanta
1117 2390 1152 2449 ut

182 2486 276 2528 nemo
299 2468 331 2528 te
354 2466 456 2548 possit
477 2467 540 2530 nisi
563 2467 708 2550 ingratus
731 2487 798 2529 non
819 2467 922 2551 magis
945 2489 1065 2532 amare.

238 2548 414 2613 LXXXVI.
439 2550 562 2632 Operae
588 2550 726 2632 pretium
754 2553 803 2613 est
829 2551 947 2615 referre
975 2552 1060 2635 quod
1087 2556 1150 2617 tor-

182 2635 325 2694 mentum
363 2633 424 2694 tibi
456 2634 632 2696 iniunxeris
669 2655 711 2696 ne
744 2634 820 2717 quid
860 2636 962 2700 amico
1000 2658 1148 2722 negares.

183 2713 332 2776 dimisisti
354 2715 511 2796 optimum
532 2717 636 2778 uirum
663 2715 785 2800 tibique
808 2720 1007 2785 carissimum
1029 2721 1149 2786 inuitus

145 2819 170 2859 so
183 2801 216 2861 et
237 2797 337 2860 tristis
359 2802 392 2862 et
414 2800 505 2882 quasi
526 2800 664 2864 retinere
688 2822 754 2864 non
774 2824 902 2887 posses,
929 2808 1150 2890 quantumque

183 212 225 275 80
504 211 526 265 1.
562 208 591 262 c.
609 209 725 260 rnnur
743 210 831 269 Pru„

251 2988 266 3037 3
285 2985 355 3040 dom,
374 2986 424 3036 alii
441 2990 487 3038 W:
506 2989 556 3039 alii
574 2989 643 3043 dom.
661 2991 682 3039 Β
699 2992 717 3039 0
735 2993 757 3040 V
772 2988 783 3055 11
804 2991 910 3043 tullus
931 2992 1004 3044 alins
1021 2994 1150 3045 adiectus

185 3054 213 3104 G.
220 3055 255 3104 H.
263 3054 420 3117 Sotaeferus
432 3053 442 3119 1
454 3059 470 3107 8
480 3056 600 3107 fortasse
610 3058 737 3122 princeps
745 3059 781 3119 1,
794 3060 1048 3128 transpiciaKeiliual
1058 3066 1151 3127 potest

182 3126 288 3172 alterum
304 3124 397 3172 seclusi
408 3119 418 3187 ΙΙ
432 3125 462 3171 11
476 3131 611 3189 utrunque
624 3122 678 3189 Wll
693 3128 723 3174 12
743 3129 808 3189 quia
820 3140 845 3175 w
859 3129 864 3191 1
880 3129 972 3178 factus
984 3142 1014 3194 ςε
1033 3129 1107 3179 facis
1118 3130 1150 3177 W

183 3190 251 3240 fatis
267 3191 287 3239 Β
305 3192 323 3238 c
341 3192 363 3239 V
397 3188 408 3255 11
443 3193 475 3239 14
498 3192 687 3256 imperatorem
704 3194 819 3243 Kailios:
841 3195 992 3260 imperator
1016 3197 1044 3244 Ι
1066 3198 1151 3261 impc-

184 3262 261 3308 rator
274 3273 303 3308 cs
315 3259 447 3308 Liuineius
470 3256 480 3322 1
503 3262 534 3309 17
552 3260 656 3310 amicos
673 3286 707 3295 —
724 3262 765 3319 81,
783 3263 816 3310 26
839 3268 867 3312 et
883 3262 931 3312 ille
949 3262 1061 3327 quidem
1077 3264 1151 3315 tutet

182 3326 205 3371 Β
218 3322 222 3389 1
237 3341 334 3389 parare
351 3328 374 3373 Β
397 3322 407 3389 11
432 3326 464 3374 18
481 3327 605 3390 reliquas
622 3330 657 3377 R:
677 3326 748 3378 alias
764 3329 792 3375 11
811 3326 814 3393 1
835 3331 935 3383 tuncR
959 3328 970 3395 1
995 3332 1027 3381 19
1046 3331 1099 3381 tibi
1115 3332 1150 3379 B:

184 3407 231 3440 om.
253 3394 280 3438 11
303 3391 313 3457 11
337 3395 370 3443 20
387 3391 520 3457 principis
537 3396 560 3441 Β
583 3392 593 3459 1
617 3398 650 3446 23
669 3394 810 3445 ardentius
827 3412 875 3450 ora.
893 3394 944 3463 W}
960 3396 1096 3463 diligeres
1108 3396 1150 3463 ΒΙξ

184 3461 217 3508 '25
244 3464 323 3509 tanta
346 3459 469 3509 facultas
491 3462 564 3511 inest
581 3464 605 3512 Β
628 3460 638 3527 1
661 3464 694 3511 26
717 3464 806 3527 possit
824 3466 888 3513 tec
912 3462 923 3529 1
951 3466 984 3515 28
1007 3460 1074 3532 tibi]
1097 3466 1153 3515 sibi

183 3526 207 3573 Β
229 3523 239 3589 11
262 3528 295 3575 29
312 3528 482 3576 rarissimum
500 3529 523 3577 Β
546 3527 557 3594 1
577 3532 611 3582 30
629 3536 815 3595 quantumque
834 3533 868 3581 R:
888 3538 1020 3596 quantum
1038 3534 1068 3583 Ι
