2406 4012
134 213 197 277 206
458 213 505 264 rx.
535 212 686 263 insuam
703 212 784 266 rau.

136 365 269 445 exclusi,
303 363 443 448 exceptis
470 361 631 426 latrocinii
660 361 746 425 illius
774 362 889 445 primis
923 366 1108 431 auctoribus
1148 418 1151 423 .

135 450 190 532 qui
212 449 379 531 desperata
400 447 495 512 uenia
513 447 618 510 locum
640 467 735 529 quem
750 468 879 543 pugnae
901 454 1108 533 sumpserant

135 538 242 598 texere
271 532 473 616 corporibus,
507 531 604 595 ceteri
633 552 743 594 omnes
773 554 809 596 1n
835 530 973 598 fluuium
1002 534 1107 599 abiere
1148 570 1153 581 ι

133 618 341 702 praecipites,
374 620 410 680 ut
432 617 563 680 tandem
591 613 719 698 aliquod
747 615 853 679 caedis
881 619 1106 702 compendium

108 703 227 766 ssessis
250 705 378 764 tuorum
401 701 539 764 dexteris
561 701 715 763 eueniret.
747 721 819 764 cum
840 701 960 785 impios
983 703 1104 768 Tiberis

133 785 303 866 hausisset,
326 785 431 867 ipsum
454 785 550 848 etiam
572 784 663 847 illum
686 805 759 848 eum
781 806 861 869 equo
885 789 918 850 et
940 787 1039 852 armis
1059 789 1104 851 in-

135 871 281 955 signibus
296 870 416 933 frustra
439 873 589 934 conatum
603 890 661 951 per
676 868 814 953 abrupta
835 870 926 952 ripae
946 873 1103 937 ulterioris

135 956 267 1019 euadere
295 955 380 1018 idem
406 954 530 1018 Tiberis
560 956 740 1037 correptum
767 955 897 1040 gurgite
927 955 1101 1039 deuorauit,

134 1062 175 1104 ne
196 1044 262 1104 tam
284 1041 425 1103 deforme
446 1038 628 1123 prodigium
656 1038 709 1101 uel
731 1037 816 1102 hanc
843 1039 951 1103 obitus
979 1042 1031 1105 sui
1056 1062 1102 1105 re·

98 1125 294 1207 relinqueret
325 1125 447 1187 famam
483 1123 567 1207 quod
601 1122 735 1186 alicuius
772 1124 833 1186 uiri
864 1124 961 1189 fortis
996 1125 1100 1210 gladio

134 1209 240 1271 teloue
269 1208 443 1271 cecidisset.
490 1210 522 1271 et
549 1206 682 1270 aliorum
710 1206 837 1289 quidem
866 1209 1011 1273 hostium
1040 1230 1102 1274 oor·

133 1312 215 1374 pora
230 1294 263 1354 et
277 1313 365 1354 arma
380 1313 532 1377 praeceps
547 1291 663 1355 fluuius
677 1291 836 1356 uoluendo
852 1293 992 1377 deuexit,
1015 1294 1101 1358 illum

134 1379 240 1439 autem
263 1376 374 1440 eodem
397 1397 458 1459 quo
482 1376 663 1439 extinxerat
684 1376 753 1439 loco
768 1377 883 1459 tenuit,
906 1399 950 1441 ne
974 1378 1099 1463 diupo·

133 1460 228 1544 pulus
249 1459 414 1523 Romanus
442 1460 618 1542 dubitaret,
648 1461 675 1523 si
702 1463 869 1543 putaretur
899 1463 1006 1546 aliquo
1033 1484 1100 1547 pro

96 1564 120 1604 15
133 1546 256 1630 fugisse
281 1546 370 1609 euius
391 1546 504 1608 mortis
526 1544 671 1627 probatio
694 1549 909 1628 quaereretur.

198 1629 319 1695 XVIII.
366 1629 481 1694 Sancte
504 1629 638 1713 Thybri,
662 1630 821 1712 quondam
842 1629 980 1714 hospitis
1003 1632 1100 1695 moni·

134 1726 186 1778 tor
214 1718 357 1797 Aeneae,
392 1736 465 1778 mox
492 1714 622 1778 Romuli
651 1718 858 1778 conseruator
885 1717 1038 1799 expositi,
1067 1720 1100 1780 tu

133 1821 192 1863 nec
207 1800 324 1863 falsum
339 1799 510 1863 Romulum
529 1800 583 1862 diu
601 1799 709 1861 uiuere
732 1820 791 1862 nec
805 1799 1000 1882 parricidam
1016 1800 1099 1864 urbis

133 1904 246 1964 passus
269 1905 302 1946 es
325 1886 464 1946 enatare.
502 1887 538 1946 tu
560 1882 683 1947 Romae
705 1886 779 1947 tuae
802 1884 885 1948 altor
907 1884 1009 1968 copiis
1032 1884 1101 1949 sub

96 1989 121 2026 co
134 1965 303 2046 uehendis,
332 1970 368 2029 tu
396 1969 539 2030 munitor
566 1968 731 2031 moenibus
760 1968 954 2052 ambiendis,
988 1970 1100 2034 merito

134 2048 341 2113 Constantini
363 2051 515 2114 uictoriae
535 2053 696 2136 particeps
725 2074 794 2116 esse
816 2053 964 2137 uoluisti,
991 2057 1029 2117 ut
1049 2053 1101 2118 ille

133 2133 257 2199 hostem
285 2134 320 2197 in
345 2137 377 2197 te
398 2135 605 2218 propelleret,
632 2140 669 2200 tu
697 2158 838 2201 necares.
883 2159 990 2221 neque
1017 2140 1101 2203 enim

134 2242 259 2303 semper
292 2242 324 2283 es
354 2220 484 2304 rapidus
517 2224 548 2284 et
575 2223 716 2300 torrenS,
752 2221 807 2285 sed
834 2244 893 2305 pro
921 2226 1102 2306 temporum

132 2306 255 2370 ratione
287 2305 480 2370 moderatus.
526 2312 562 2370 tu
595 2307 720 2389 quietus
757 2309 913 2370 armatum
948 2306 1102 2373 Coclitem

96 2410 120 2450 aa
133 2392 299 2474 reuexisti,
321 2391 381 2455 tibi
405 2413 438 2456 se
460 2391 585 2476 placido
609 2389 730 2455 Cloelia
751 2392 845 2476 uirgo
869 2392 1048 2456 commisit:
1070 2402 1103 2456 at

132 2498 219 2541 nunc
242 2477 401 2541 uiolentus
428 2480 460 2540 et
480 2476 628 2540 turbidus
650 2475 777 2539 hostem
798 2475 845 2539 rei
866 2475 1015 2558 publicae
1039 2499 1102 2541 sor·

132 2560 232 2624 buisti
254 2565 299 2644 et,
329 2583 370 2625 ne
392 2565 482 2625 tuum
510 2563 625 2624 lateret
647 2560 849 2642 obsequium,
880 2566 1026 2626 eructato
1054 2583 1102 2626 ca·

133 2644 249 2706 dauere
264 2644 443 2725 prodidisti.
474 2649 600 2726 reperto
619 2646 719 2729 igitur
741 2648 773 2708 et
787 2644 945 2708 trucidato
970 2667 1102 2729 corpore

132 2726 299 2790 uniuersus
325 2727 360 2789 in
382 2727 500 2809 gaudia
527 2732 559 2790 et
580 2729 758 2794 uindictam
778 2730 915 2812 populus
937 2728 1102 2795 Romanus

94 2831 120 2870 ao
133 2810 264 2887 exarsit,
297 2832 356 2875 nec
379 2811 516 2887 desitum
538 2815 607 2874 tota
628 2815 706 2878 urbe
713 2834 733 2896 ,·
751 2836 815 2897 qua
835 2813 988 2878 suffixum
1010 2814 1104 2879 hasta

131 2893 302 2976 ferebatur,
327 2899 424 2980 caput
438 2895 517 2960 illud
556 2897 694 2962 iaculare
709 2897 842 2981 foedari,
866 2920 938 2962 cum
959 2900 1102 2979 interim,

131 2981 167 3041 ut
190 2983 264 3044 sunt
285 2981 349 3046 ioci
368 2919 589 3066 triumphales,
613 2984 770 3047 rideretur
791 2983 950 3069 gestantis
974 2984 1101 3063 iniuria,

133 3086 204 3128 eum
225 3065 322 3130 alieni
345 3068 459 3151 capitis
482 3068 596 3131 merita
617 3071 789 3151 pateretur.

152 3208 155 3212 .
183 3208 301 3215 .---—--
310 3209 333 3214 --

199 3271 319 3338 5dext]
341 3275 440 3322 texerIs
457 3275 489 3322 W
519 3272 529 3339 ΙΙ
558 3274 688 3324 8tiberis
706 3275 726 3322 B
744 3275 761 3322 0
780 3274 801 3320 V
818 3288 857 3323 w:
876 3274 1019 3325 liberioris
1037 3275 1062 3322 Δ
1089 3274 1102 3339 ll

131 3341 147 3387 9
170 3340 271 3391 oblitus
294 3342 390 3389 ΒΗ
420 3339 430 3405 ΙΙ
463 3343 492 3390 16
519 3342 624 3406 Thybri
645 3343 680 3390 A:
711 3342 797 3406 Tybri
820 3342 894 3391 Bert.
922 3342 1047 3403 'l'hyberi
1070 3343 1104 3390 W

132 3406 233 3467 Tybris
252 3410 271 3456 B
293 3410 385 3459 TibrIs
404 3408 460 3456 GV
490 3406 499 3471 ΙΙ
529 3413 561 3459 22
584 3424 696 3460 necares
713 3423 750 3459 w:
773 3424 888 3474 negares
905 3411 933 3457 Μ
963 3408 973 3475 ΙΙ
1004 3412 1037 3460 26
1060 3406 1102 3477 et]

132 3476 221 3586 aftw
254 3473 263 3537 ΙΙ
298 3480 331 3526 30
356 3473 448 3525 ἀοείῐΐι
470 3477 615 3528 Puteanus:
644 3478 717 3527 desit
740 3493 756 3527 a
777 3479 799 3525 Δ
823 3478 917 3530 desica
935 3478 956 3526 B
975 3478 1034 3526 GV
1057 3478 1104 3529 dc·

132 3554 165 3587 su
197 3555 213 3588 a
231 3553 256 3587 w
