2406 4012
390 213 550 265 rsnmro
570 217 604 265 n.
626 217 737 267 sr-sc.
807 212 817 228 “
1006 217 1049 282 23

141 362 262 429 XXVI.
298 362 501 427 Aduentante
523 365 679 449 congiarii
700 365 750 429 die
771 366 939 430 obseruare
958 369 1047 451 prin-

65 446 161 533 cipis
187 468 350 533 egressum
377 448 413 511 in
434 448 615 532 publicum,
647 449 786 514 insidere
807 451 876 514 uias
899 453 1046 516 examina

67 532 256 598 infantium
277 532 470 615 futurusque
480 533 618 617 populus
641 535 773 599 solebat.
801 534 891 599 labor
905 539 1046 618 parenti-

69 619 139 683 bus
168 620 238 681 erat
259 620 420 680 ostentare
440 618 592 701 paruulos
614 618 842 704 impositosque
868 621 1045 685 ceruicibus

70 701 246 767 adulantia
261 701 361 765 uerba
375 701 569 786 blandasque
589 724 684 768 uoces
699 703 846 769 edocere:
869 704 1047 771 reddebant
1060 729 1074 769 5

70 787 126 852 illi
150 807 232 870 quae
253 786 475 850 monebantur.
505 788 594 871 atqui
612 787 756 872 plerique
777 789 877 853 irritis
898 790 1046 873 precibus

71 871 192 936 surdas
218 870 374 955 principis
402 892 494 935 aures
522 872 750 955 obstrepebant
777 874 945 959 ignarique
971 875 1047 958 quid

68 957 262 1040 rogassent,
314 954 369 1018 uid
389 976 456 1019 non
478 956 719 1040 impetrassent,
745 957 845 1022 donec
866 959 962 1040 plane
985 961 1046 1023 sci-

70 1042 167 1123 rent,
191 977 429 1104 differebantur.
464 1043 500 1103 tu
523 1062 564 1104 ne
586 1041 694 1125 rogari
717 1041 844 1124 quidem
867 1043 1066 1107 sustinuisti·

72 1128 119 1207 ct,
145 1144 337 1208 quamquam
351 1124 563 1188 laetissimum
578 1124 678 1189 oculis
692 1127 756 1189 tuis
773 1129 856 1190 esset
873 1130 1046 1210 conspectu
1060 1155 1085 1193 ιο

72 1209 246 1273 Romanae
269 1208 387 1273 sobolis
409 1209 552 1292 impleri,
583 1232 693 1275 omnes
718 1213 842 1294 tamen,
874 1215 1046 1296 antequam

72 1297 112 1358 te
134 1293 281 1357 uiderent
303 1294 481 1376 adirentue,
510 1294 609 1378 recipi
636 1295 736 1360 incidi
757 1296 895 1379 iussisti,
924 1301 960 1361 ut
982 1298 1046 1361 iam

75 1376 155 1453 inde
178 1376 219 1440 ab
240 1376 381 1441 infantia
401 1381 567 1462 parentem
589 1380 753 1463 publicum
777 1403 910 1445 munere
933 1381 1045 1446 educa-

71 1462 176 1526 tionis
198 1463 426 1546 experirentur,
450 1468 629 1528 crescerent
651 1463 689 1528 de
711 1468 766 1529 tuo
789 1466 842 1548 qui
866 1470 1046 1531 crescerent

73 1546 141 1611 tibi
173 1546 394 1630 alimentisque
421 1548 484 1611 tuis
512 1549 552 1611 ad
575 1549 735 1632 stipendia
761 1553 819 1613 tua
841 1551 1047 1632 peruenirent
1059 1574 1084 1614 15

73 1633 268 1714 tantumque
292 1653 403 1695 omnes
430 1632 487 1695 uni
508 1633 568 1697 tibi
591 1636 746 1716 quantum
769 1634 958 1715 parentibus
981 1635 1045 1698 suis

74 1716 213 1800 quisque
235 1716 373 1780 deberet.
415 1719 515 1794 recte,
541 1715 667 1797 Caesar,
690 1715 773 1799 quod
796 1738 886 1799 spem
907 1717 1044 1781 Romani

73 1799 219 1864 nominis
246 1801 425 1883 sumptibus
453 1802 517 1864 tuis
545 1800 688 1885 suscipis.
732 1800 856 1865 nullum
884 1804 933 1866 est
959 1802 1045 1867 enim

74 1904 200 1969 magno
220 1884 366 1969 principe
387 1885 723 1969 immortalitatemque
750 1886 901 1951 morituro
923 1887 1045 1971 impen-

74 1968 124 2032 dii
146 1990 249 2052 genus
272 1969 304 2032 di
350 1970 400 2033 ius
428 1991 521 2053 quam
545 1969 629 2055 quod
654 1974 804 2056 erogatur
831 1971 865 2034 in
887 1976 1043 2055 posteros.
1058 1999 1083 2036 20

73 2052 252 2137 locupletes
278 2075 298 2116 a
339 2053 498 2118 tollendos
526 2055 643 2119 liberos
671 2056 818 2140 ingentia
844 2058 986 2140 praemia
1013 2060 1046 2121 et

71 2159 172 2222 pares
193 2159 315 2221 poenae
337 2137 556 2224 cohortantur3
585 2141 778 2222 pauperibus
801 2140 957 2205 educandi
979 2163 1045 2205 una

72 2223 161 2286 ratio
185 2226 234 2286 est
255 2223 358 2287 bonus
380 2224 538 2308 princeps.
576 2224 629 2288 hic
651 2225 768 2288 fiducia
790 2227 840 2288 sui
861 2229 1044 2309 procreatos

72 2306 141 2371 nisi
169 2307 260 2405 larga
286 2328 384 2372 manu
410 2308 499 2372 fouet
527 2311 624 2392 auget
651 2309 865 2392 amplectitur,
897 2330 1045 2373 occasum

73 2392 221 2475 impern,
253 2412 399 2456 occasum
427 2393 474 2456 rei
500 2393 647 2476 publicae
677 2393 836 2456 accelerat
861 2393 1045 2476 frustraque
1058 2415 1084 2454 es
1177 2384 1179 2389 ’

73 2496 226 2560 proceres
247 2476 341 2561 plebe
363 2478 527 2561 neglecta,
553 2479 590 2539 ut
613 2475 773 2539 desectum
795 2497 925 2558 corpore
948 2480 1045 2559 caput

74 2562 329 2644 nutaturumque
356 2560 498 2627 instabili
526 2559 682 2644 pondere,
711 2562 829 2624 tuetur.
874 2560 970 2626 facile
996 2564 1045 2626 cst

70 2645 260 2710 coniectare
282 2645 367 2730 quod
388 2646 568 2730 perceperis
590 2644 756 2731 gaudium,
783 2668 855 2710 cum
876 2647 909 2710 te
931 2668 1045 2732 paren-

73 2734 148 2793 tum
175 2730 347 2795 liberorum
378 2753 490 2795 senum
523 2731 695 2795 infantium
721 2752 892 2816 puerorum
926 2733 1045 2796 clamor

73 2814 247 2898 exciperet.
276 2815 353 2879 haec
375 2816 479 2899 prima
500 2816 706 2899 paruulorum
729 2816 845 2880 ciuium
868 2838 931 2880 uox
953 2838 1044 2880 aures
1058 2824 1083 2878 tc

72 2902 152 2962 tuas
172 2899 304 2982 imbuit,
334 2900 449 2984 quibus
471 2903 508 2964 tu
530 2900 661 2979 daturus
689 2900 842 2964 alimenta
863 2901 923 2964 hoc
946 2902 1044 2964 maxi-

148 3140 161 3186 l
181 3138 352 3189 aduentante
371 3146 456 3190 antea
475 3142 504 3195 θ.
521 3142 556 3190 Η.
571 3141 727 3204 Setaesercs
745 3144 809 3191 ante
828 3144 855 3189 te
876 3139 1045 3209 aduentante¹

72 3204 187 3255 Kallias.
210 3209 324 3272 equidem
340 3215 399 3258 ante
418 3209 554 3273 congiarii
572 3210 733 3258 intercidisse
744 3210 886 3270 pzaetauerim
904 3206 1019 3254 condam
1036 3202 1045 3270 Η

73 3275 91 3322 2
112 3272 172 3323 uias
191 3289 237 3324 cm.
256 3276 274 3324 c
295 3272 305 3339 ΙΙ
327 3277 343 3324 6
362 3277 440 3340 atqui
456 3279 563 3340 scripsi:
583 3292 615 3325 ac
632 3279 659 3324 Μ
677 3281 706 3326 at
725 3277 853 3326 Gesnercs
873 3272 882 3338 ΙΙ
906 3276 920 3322 7
939 3273 1045 3325 obstre-

72 3340 183 3405 pebant
200 3355 238 3391 w:
258 3343 458 3407 adstrepebant
475 3344 501 3391 Μ
524 3342 534 3408 ΙΙ
556 3346 571 3394 9
590 3343 756 3394 differebant
774 3346 790 3391 ὓ
813 3340 823 3407 ΙΙ
845 3344 876 3390 12
894 3341 978 3391 incidi
997 3357 1043 3392 om.

71 3404 136 3472 Wl
155 3412 185 3459 13
203 3415 350 3474 parentum
361 3410 396 3473 ll,
415 3427 483 3462 corr.
497 3425 514 3478 ς
528 3414 533 3470 1
549 3426 647 3462 munus
664 3413 722 3459 Bw
738 3408 748 3475 ΙΙ
766 3413 798 3459 22
817 3409 998 3459 abhortantur
1012 3409 1045 3458 W

69 3480 237 3526 coartantur
254 3478 274 3525 B
290 3479 294 3536 Ι
311 3477 461 3528 educandis
474 3479 500 3526 Μ
519 3476 529 3544 ss
547 3480 579 3529 26
596 3478 737 3529 desectum
750 3481 779 3526 ῦς
799 3476 937 3527 defectum
949 3477 969 3524 B
980 3477 1042 3525 VW

71 3542 82 3603 ῙΙ
102 3544 135 3592 31
154 3543 250 3594 imbuit
267 3545 312 3594 W:
331 3547 451 3596 imbutus
469 3547 562 3595 ΒΗ.
