2406 4012
138 195 204 260 200
465 196 514 247 ΙΧ.
539 194 690 246 INCERTI
707 194 788 246 PAN.

140 347 239 410 stium
260 346 366 431 globis
387 344 567 409 miscuisti?
600 365 657 409 cur
678 345 816 409 salutem
836 345 884 409 rei
906 344 1057 429 publicae
1074 346 1123 431 inj

139 430 284 514 pericula
304 433 396 494 tanta
417 429 558 493 misisti?
603 446 646 491 an
667 429 791 493 nescire
812 450 874 493 nos
894 430 996 512 putas
1018 430 1102 513 quod,

140 517 215 579 dum
242 514 343 578 nimio
371 513 493 596 raperis
523 513 651 591 ardore,
680 513 715 577 in
742 512 850 577 media
874 513 1022 579 hostium
1046 514 1102 579 tels

139 600 313 664 deueneras
348 602 396 680 et,
434 598 498 661 nisi
531 598 617 661 uiam
644 597 704 661 tibi
737 598 885 662 caedibus
917 600 1098 681 aperuisses,

110 701 229 779 §spem
246 682 344 779 totius
365 683 492 767 generis
506 680 640 745 humani
663 685 697 746 et
717 686 796 779 uota
815 681 1011 780 deceperas?
1039 686 1099 749 totu

137 766 1098 935 lltlttffllllttttltutltltltltftt,‘¹3⁰3

136 934 1098 1104 1111111111111111111111111

99 1124 124 1162 10
137 1105 203 1169 fato
226 1109 282 1168 aut
302 1105 496 1169 uincendum
518 1110 567 1168 est
588 1107 644 1168 aut
665 1103 858 1168 cadendum:
883 1107 934 1187 tu,
957 1104 1045 1169 cuius
1063 1126 1096 1169 er

137 1190 206 1253 uita
227 1190 369 1253 omnium
390 1188 459 1252 fata
480 1189 638 1272 pendent,
669 1188 710 1251 ad
731 1188 832 1251 ullum
855 1188 1025 1253 discrimen
1053 1210 1096 1253 ac·
1132 1238 1139 1266 .,

136 1273 253 1336 cedas?
289 1273 374 1336 inter
395 1276 445 1336 tot
469 1274 534 1336 tela
556 1273 743 1357 gladiosque
765 1272 915 1336 uersere?
951 1272 1095 1358 quiahoc
1132 1274 1139 1313 ¹·

134 1378 154 1419 1
174 1361 208 1419 te
231 1356 354 1440 exigit?
381 1361 436 1419 aut
458 1358 528 1440 quis
550 1358 620 1440 pati
642 1357 744 1439 possit
764 1360 800 1420 ut
822 1357 995 1440 quicquam
1016 1359 1051 1421 in
1068 1362 1096 1421 te
1135 1376 1139 1423 ÷

135 1440 212 1504 belli
240 1441 366 1504 casibus
387 1441 505 1505 liceat?
551 1441 662 1505 deceat
682 1445 731 1523 te,
760 1442 951 1525 imperator,
980 1441 1096 1507 hostem
1135 1450 1139 1461 '

98 1541 122 1582 11
136 1526 254 1589 ferire?
287 1527 385 1589 immo
408 1547 475 1589 non
497 1526 588 1590 decet
610 1526 763 1589 laborare.
984 1548 988 1555 ·

198 1609 238 1674 X.
289 1609 453 1694 Spectauit
487 1632 526 1674 ex
566 1611 650 1674 edito
689 1614 798 1673 monte
827 1608 951 1674 Xerxes
989 1610 1097 1675 nauale

137 1697 307 1759 certamen.
344 1697 510 1780 Augustus
533 1695 619 1758 aliud
642 1703 742 1778 agens
762 1694 842 1758 uicit
863 1697 943 1777 aput
964 1696 1096 1760 Actium.

135 1779 197 1842 fuit
219 1780 314 1842 etiam
330 1780 384 1862 qui
407 1780 551 1844 sublatus
574 1780 608 1842 in
628 1780 729 1843 scalas
750 1778 891 1843 inuicem
912 1800 1014 1843 nexas
1032 1800 1098 1843 con·

135 1867 298 1926 currentes
328 1865 453 1927 eminus
480 1864 562 1927 uidit
590 1864 761 1945 exercitus,
789 1866 826 1927 ut
846 1885 907 1928 nec
933 1864 1098 1929 interesset

96 1962 121 2001 20
158 1945 275 2008 ericulo
306 1951 338 2008 et
360 1947 487 2010 adesset
513 1948 649 2012 euentui.
694 1948 828 2032 ignaua,
856 1948 1000 2031 inquies,
1029 1952 1100 2013 suut

133 1966 214 2091 daec
236 2029 394 2114 exempla,
418 2031 473 2093 sed
495 2033 582 2114 tuta,
611 2031 803 2115 grauiorque
825 2035 928 2096 metus
952 2038 1003 2097 est
1023 2032 1100 2117 peri·

135 2111 197 2175 culi
228 2114 276 2175 tui
309 2135 403 2196 quam
431 2114 555 2178 laetitia
589 2116 752 2180 uictoriae.
797 2138 840 2180 an
872 2138 941 2181 non
969 2118 1033 2201 ipsi
1060 2122 1099 2201 te,

135 2197 236 2261 111111
264 2197 446 2282 fugatisque
474 2199 620 2264 hostibus
647 2200 880 2284 interfectoque
908 2202 1009 2266 etiam
1035 2203 1101 2286 ipso

135 2302 242 2346 eorum
265 2283 354 2366 duce,
379 2285 510 2348 comites
534 2287 566 2349 et
585 2284 708 2348 tribuni
730 2285 912 2368 corripuere
935 2286 1101 2351 lacriman-

95 2384 121 2424 25
134 2370 182 2431 tes
204 2367 404 2453 amplexique
426 2369 505 2433 illud
522 2372 612 2433 tuum
635 2368 784 2433 anhelum
805 2373 928 2452 pectus,
951 2374 1101 2435 cruentes

133 2473 248 2516 manus
282 2457 314 2517 et
347 2454 497 2537 quicquid
530 2455 568 2518 de
602 2454 760 2537 sanguine
787 2454 965 2537 profundae
1000 2456 1101 2520 caedis

133 2542 306 2600 emerserat
327 2537 405 2601 hinc
427 2541 521 2621 atque
543 2539 617 2601 inde
641 2538 833 2602 clamarunt:
868 2539 958 2622 ‘quid
981 2561 1101 2625 egeras,

132 2620 330 2700 imperator?
367 2622 401 2684 in
424 2643 504 2704 quae
526 2643 586 2685 nos
607 2623 676 2685 fata
697 2622 890 2705 proieceras,
914 2623 979 2687 nisi
1002 2630 1037 2689 te
1058 2624 1100 2689 di-

132 2701 209 2762 uina
236 2703 337 2764 uirtus
365 2705 422 2765 tua
447 2704 667 2769 uindicasset‘?
710 2728 790 2790 quae
815 2706 896 2772 haec
924 2711 974 2772 est
1002 2710 1100 2792 impa-

93 2802 119 2841 11
132 2783 269 2846 tientia?
314 2788 369 2848 aut
390 2806 452 2868 quo
474 2786 534 2849 tibi
556 2810 669 2853 manus
691 2794 834 2873 nostras,
865 2792 892 2855 si
915 2814 1011 2857 uersa
1032 2794 1101 2858 uice

130 2886 257 2950 pugnas
279 2868 346 2952 ipse
367 2891 425 2953 pro
447 2871 575 2935 nobisl'
605 2872 685 2938 haec
705 2895 765 2959 ego
787 2897 854 2940 non
869 2876 1021 2959 dicerem,
1043 2880 1102 2941 im·

130 2958 271 3036 perator,
295 2975 397 3039 neque
421 2957 461 3020 ab
484 2955 555 3021 aliis
577 2959 663 3022 dicta
685 2981 904 3043 memorarem,
926 2961 993 3025 nisi
1008 2962 1101 3027 bene·

176 3068 224 3075 —

197 3111 213 3158 2
231 3105 294 3176 nos]
314 3126 368 3162 non
385 3110 459 3177 Allss
478 3129 539 3163 cum
557 3116 574 3161 0
593 3114 625 3162 W
641 3112 645 3177 Ι
660 3114 797 3178 rapereris
815 3118 833 3163 c
851 3129 876 3165 w
887 3113 926 3181 114
945 3115 1102 3168 deueneras

130 3172 279 3227 Liuineius:
292 3178 434 3229 deueneris
447 3181 473 3227 Μ
486 3178 496 3246 ΙΙ
509 3183 576 3231 5-9
588 3181 653 3245 quid
666 3181 718 3231 tibi
730 3208 762 3218 -
777 3182 905 3233 fortuna?
923 3189 984 3235 toto
998 3186 1100 3251 qnippe

129 3244 235 3309 impetu
252 3272 286 3281 —
303 3261 372 3295 saxa
390 3254 570 3311 sequerentur
586 3252 621 3309 Μ,
641 3252 799 3313 transposuit
816 3248 974 3316 Aciduliurl
991 3255 1008 3303 5
1026 3248 1099 3317 toto]

129 3316 209 3361 tanto
223 3313 431 3376 Eyssenhardtus
443 3312 453 3377 11
466 3317 481 3364 8
499 3332 533 3365 un
550 3315 697 3366 inferioris?
710 3313 720 3381 [1
733 3319 748 3367 9
767 3332 831 3367 suos
844 3320 866 3366 Δ
878 3316 889 3382 ΙΙ
902 3321 932 3367 11
951 3320 1056 3369 nullum
1068 3321 1101 3368 W

132 3374 144 3439 ΙΙ
160 3380 191 3427 12
209 3394 260 3429 nec
277 3382 350 3431 iuter
367 3394 391 3428 w
403 3378 413 3446 ΙΙ
428 3384 459 3431 16
477 3384 617 3446 spectauit
635 3386 708 3434 cdd:
726 3392 823 3447 specta
834 3387 857 3433 Δ
875 3394 1010 3450 spectans
1021 3388 1101 3437 ΒΗ

129 3450 240 3507 spectat
252 3461 277 3494 w
292 3446 296 3511 Ι
312 3453 404 3497 monte
420 3449 556 3499 deleuerim
572 3449 576 3515 Ι
592 3451 691 3501 Xerses
703 3451 729 3497 Μ
742 3450 752 3515 ΙΙ
765 3454 797 3502 22
815 3454 934 3503 uictoria
946 3452 989 3518 ΔΙ
1006 3462 1037 3505 at
1047 3456 1099 3503 AV

129 3525 146 3559 a
164 3524 189 3557 w
203 3509 207 3575 1
223 3516 249 3560 te
267 3515 333 3562 ΔΨ
344 3515 433 3566 Bere:
452 3532 497 3567 om.
517 3520 537 3566 B
550 3519 567 3566 (l
580 3519 601 3565 V
617 3516 627 3582 ΙΙ
645 3520 678 3569 23
696 3518 909 3584 interfectisque
928 3522 968 3585 1,
987 3539 1056 3574 corr.
1074 3536 1100 3571 w
