2406 4012
140 173 182 236 40
465 173 487 226 I.
518 171 547 222 O.
565 171 681 222 PLINII
698 171 778 222 PAN.

139 324 266 387 diuersa
299 326 415 386 natura
448 320 624 385 dominatio
659 324 690 383 et
723 319 934 403 principatus,
967 319 1016 383 ita
1046 342 1113 386 non
1141 328 1149 403 1

140 408 211 471 aliis
240 429 308 472 esse
337 406 515 488 principem
547 405 721 488 gratiorem
750 425 847 487 quam
879 405 934 487 qui
968 405 1112 471 maxime
1144 412 1149 491 ζ

139 493 303 557 dominum
326 493 511 574 grauentur.
549 489 607 552 hos
631 510 706 573 ergo
734 488 885 571 prouehis
908 491 941 551 et
963 491 1113 554 ostentas
1144 506 1149 585 ,²

138 578 229 660 quasi
257 577 419 659 specimen
447 576 480 637 et
506 573 677 656 exemplar,
707 594 787 656 quae
815 573 876 636 tibi
898 576 987 637 secta
1010 574 1108 659 uit-ae,
1145 602 1149 653 .;

113 661 222 745 equod
245 660 411 724 hominum
427 680 529 742 genus
550 657 692 742 placeat,
716 661 748 722 et
762 657 833 720 ideo
856 679 922 721 non
938 678 1111 723 censuram
1146 728 1149 737 ,

139 745 252 826 adhuc,
277 766 344 808 non
364 743 598 826 praefecturam
621 762 745 806 morum
767 741 926 825 recepisti,
950 744 1028 825 quia
1050 745 1109 809 tibi
1145 782 1149 801 ι

138 829 301 892 beneficiis
330 829 554 911 potiusquam
582 827 730 890 remediis
753 826 885 911 ingenia
912 829 1027 890 nostra
1057 850 1108 893 ex·

137 913 235 997 periri
262 913 381 997 placet.
426 915 458 976 et
486 911 628 1059 111οῗ11
656 911 763 974 neseio
792 933 834 974 an
863 909 935 994 plus
964 913 1110 977 moribus

140 998 285 1062 conferat
305 997 454 1082 princeps
477 996 531 1080 qui
581 1017 660 1059 onos
689 1017 758 1058 esse
785 995 908 1077 patitur
929 1016 1026 1078 quarn
1055 999 1109 1080 qui

99 1099 124 1138 10
139 1083 234 1165 cogit.
272 1082 427 1146 flexibiles
450 1101 679 1164 quamcumque
706 1081 742 1143 in
769 1082 895 1162 partem
917 1079 1068 1144 ducimur
1089 1104 1110 1146 a

137 1166 283 1249 principe
306 1168 409 1249 atque,
432 1168 469 1228 ut
491 1165 537 1227 ita
559 1164 672 1246 dicam,
702 1184 854 1247 sequaces
877 1184 1002 1228 sumus:
1033 1165 1108 1230 huic

136 1249 224 1312 enim
247 1250 321 1332 cari,
343 1250 418 1313 huic
440 1248 567 1332 probati
596 1269 663 1312 esse
692 1249 844 1331 cupimus,
873 1248 958 1331 quod
984 1248 1109 1314 frustra

138 1334 341 1416 sperauerint
363 1333 549 1417 dissimiles3
574 1354 672 1416 eoque
695 1332 839 1415 obsequii
862 1333 1107 1399 continuatione

137 1418 340 1501 peruenimus
363 1422 399 1481 ut
420 1438 520 1501 prope
543 1438 653 1493 omnes
675 1416 815 1481 hominis
837 1417 933 1480 unius
960 1419 1107 1484 moribus

99 1518 124 1557 1⁵
137 1502 294 1566 uiuamus.
337 1524 432 1587 porro
460 1523 527 1565 non
555 1504 622 1565 tam
651 1502 780 1565 sinistre
814 1501 1024 1566 constitutum
1059 1508 1108 1568 est

136 1591 182 1669 ut,
218 1588 273 1671 qui
308 1587 429 1651 malum
460 1586 639 1670 principem
670 1607 848 1668 possumus,
887 1585 1009 1649 bonum
1039 1610 1107 1652 non

135 1673 293 1754 possimus
315 1671 446 1736 imitari.
490 1692 589 1754 perge
611 1671 715 1750 modo,
738 1668 865 1750 Caesar,
889 1671 1010 1734 etnim
1032 1672 1104 1737 effe·

137 1760 285 1840 utumque
307 1777 458 1820 censurae
473 1759 563 1818 tuum
580 1754 789 1837 propositum,
812 1755 861 1817 tui
876 1756 965 1819 actus
980 1755 1105 1820 obtine-

135 1840 225 1903 bunt.
264 1862 339 1903 nam
360 1840 429 1903 uita
451 1838 605 1922 principis
629 1859 763 1903 censura
791 1842 840 1901 est
869 1860 968 1922 eaque
991 1862 1106 1925 perpe-

97 1939 122 1978 10
136 1925 212 1985 tua:
236 1923 275 1986 ad
296 1923 380 1986 hanc
402 1923 580 2006 dirigimur,
609 1924 649 1985 ad
677 1923 760 1986 hanc
789 1924 1016 2008 conuertimur,
1044 1947 1105 1990 nec

135 2010 204 2069 tam
226 2007 360 2090 imperio
383 2007 476 2070 nobis
498 2027 577 2088 opus
600 2010 649 2071 est
670 2029 765 2090 quam
787 2007 942 2091 exemplo.
984 2009 1106 2094 quippe

136 2091 273 2154 infidelis
301 2090 381 2155 recti
407 2091 562 2176 magister
589 2096 638 2155 est
661 2096 772 2155 metus.
815 2091 928 2155 melius
956 2092 1106 2159 homines

136 2175 288 2260 exemplis
317 2176 482 2256 docentur,
511 2197 591 2258 quae
619 2179 654 2239 in
682 2176 794 2259 primis
823 2176 883 2239 hoc
910 2176 946 2238 in
968 2178 1003 2240 s'e
1026 2178 1104 2243 boni

135 2259 257 2325 habent
302 2260 361 2324 uod
384 2260 566 2344 approbant
582 2282 663 2344 quae
686 2260 887 2344 praecipiunt
908 2260 977 2324 fieri
999 2261 1103 2345 posse.

97 2358 122 2399 2⁵
199 2282 314 2409 XLvi.
345 2344 390 2409 Et
405 2345 475 2428 quis
489 2348 593 2408 terror
607 2345 760 2409 ualuisset
776 2345 901 2408 efficere
916 2345 1000 2427 quod
1015 2368 1106 2412 reue·

134 2429 240 2493 rentia
253 2431 302 2494 tui
317 2429 443 2496 effecit?
461 2429 603 2493 obtinuit
614 2429 729 2513 aliquis
745 2433 781 2492 ut
796 2429 1013 2512 spectaculum
1024 2454 1104 2515 pan-

134 2515 340 2578 tomimorum
355 2514 492 2598 populus
508 2513 672 2577 Romanus
687 2512 757 2577 tolli
772 2516 945 2597 pateretur,
962 2515 1105 2582 sednon

135 2597 275 2660 obtinuit
297 2601 333 2660 ut
350 2596 463 2660 uellet:
487 2602 619 2678 rogatus
643 2621 675 2662 es
698 2602 733 2661 tu
756 2599 839 2681 quod
860 2599 995 2682 cogebat
1010 2601 1105 2681 alius,

136 2682 302 2763 coepitque
337 2701 405 2744 esse
439 2681 630 2745 beneficium
658 2683 742 2765 quod
775 2684 950 2747 necessitas
982 2683 1104 2750 fuerat.

95 2781 237 2847 seneque
260 2764 346 2827 enim
368 2785 387 2826 a
409 2767 442 2828 te
463 2764 586 2829 minore
599 2769 757 2831 concentu
779 2771 815 2831 ut
836 2767 965 2831 tolleres
987 2775 1105 2851 panto-

133 2848 246 2911 mimos
269 2870 364 2932 quam
386 2871 405 2912 a
427 2852 518 2933 patre
540 2852 596 2914 tuo
617 2855 654 2916 ut
675 2851 858 2916 restitueret
873 2855 1021 2916 exactum
1043 2859 1105 2919 est.

133 2935 302 3017 utrumque
336 2937 437 2998 recte:
478 2956 554 2999 nam
589 2939 621 3000 et
653 2935 778 3001 restitui
818 2936 986 3019 oportebat
1020 2959 1105 3021 quos

133 3016 305 3082 sustulerat
326 3019 429 3082 malus
451 3018 601 3118 princeps
625 3024 657 3084 et
678 3020 748 3084 tolli
770 3022 947 3085 restitutos.
990 3021 1027 3085 in
1049 3022 1105 3088 his

134 3101 218 3164 enim
241 3124 320 3186 quae
343 3125 361 3166 a
383 3104 475 3168 malis
497 3104 579 3168 bene
601 3106 682 3168 fiunt
703 3104 757 3169 hic
778 3106 935 3170 tenendus
958 3109 1008 3169 est
1035 3129 1105 3172 mo·

138 3226 150 3230 ..
158 3226 335 3235 ..—.——--..—.-

199 3295 215 3341 3
234 3291 352 3343 dominio
370 3306 395 3340 w
416 3290 426 3356 ΙΙ
447 3295 462 3343 7
481 3291 583 3359 potius]
603 3294 678 3357 prius
696 3293 716 3341 B
734 3297 756 3342 V
778 3291 788 3359 ΙΙ
811 3297 842 3345 10
858 3284 945 3360 cogit]
963 3297 1037 3360 tegit
1054 3300 1073 3346 (t
1098 3296 1102 3362 Ι

131 3363 234 3420 patrem
252 3362 285 3407 W
306 3358 316 3426 ΙΙ
340 3363 370 3410 13
389 3366 572 3423 sperauerant
589 3364 624 3422 11,
644 3377 712 3411 corr.
732 3375 749 3427 ς
769 3359 780 3427 [Ι
805 3365 837 3412 14
854 3363 971 3413 hominis
989 3367 1105 3428 scripsi:

131 3424 253 3477 homines
271 3429 306 3487 11,
327 3430 393 3477 delet
414 3427 441 3477 θ.
456 3428 491 3476 Ii.
506 3428 661 3492 Sctceferus
678 3425 689 3493 ΙΙ
712 3432 741 3479 17
760 3431 897 3494 possimus
916 3432 983 3479 tw:
1001 3446 1104 3496 possu-

132 3507 190 3541 mus
208 3494 228 3542 B
246 3496 268 3541 V
290 3490 299 3557 ΙΙ
322 3496 355 3544 24
373 3495 582 3559 praecipiuntur
601 3510 617 3562 ς
636 3497 800 3548 Heumannus
