2406 4012
132 200 173 265 76
452 200 474 253 l.
511 198 540 249 C.
562 196 678 248 PLINII
696 196 776 248 Pan.

131 351 254 415 tionem
268 349 398 414 laboris.
429 370 511 432 quae
532 347 619 412 enim
638 345 784 409 remissio
798 345 860 409 tibi
882 345 949 410 nisi
968 346 1029 413 luel

133 435 247 517 saltus,
282 436 429 498 excutere
454 432 612 496 eubilibus
633 431 734 513 feras,
769 451 923 513 superare
945 432 1029 497 imm«

131 519 290 584 montium
317 518 394 601 iuga
428 518 461 580 et
486 514 691 579 horrentibus
719 514 860 598 scopulis
888 515 1025 599 gradum

132 604 225 686 ferre,
246 601 366 665 nullius
389 622 496 681 manu,
519 600 638 664 nullius
661 599 800 684 uestigio
823 598 983 684 adiutum,
1007 604 1029 667 at

106 687 217 751 sinter
237 686 317 750 haec
338 685 522 768 piamenta
544 684 632 749 adire
650 684 739 747 lucos
761 686 794 747 et
808 703 978 749 occursare
997 707 1029 753 m

131 769 251 834 nibus?
295 769 372 834 olim
399 769 478 834 haec
506 768 703 853 experientia
727 768 919 851 iuuentutis,
947 768 1025 837 haec

132 856 240 938 luptas
267 858 352 938 erat,
385 855 436 919 his
463 854 585 918 artibus
611 852 713 916 futuri
740 853 836 917 duces
865 852 1029 921 imbuebar

133 943 255 1004 certare
285 960 357 1003 cum
384 940 420 1003 fn
444 938 553 1003 acibus
580 937 657 1002 feris
685 957 793 1019 cursu,
825 957 900 1000 cum
928 938 1030 1005 audao'

132 1024 256 1105 robore,
281 1045 352 1088 cum
375 1045 413 1088 ca
441 1023 499 1087 'dis
521 1024 606 1107 astu3
629 1042 690 1086 neo
712 1021 872 1085 mediocre
893 1023 984 1105 pacis
1005 1022 1030 1087 dn

95 1134 120 1173 ιο
132 1108 311 1172 habebatur
340 1108 488 1172 submota
516 1106 636 1189 campis
663 1105 799 1189 irruptio
821 1105 967 1171 ferarum
992 1111 1024 1173 et

134 1192 256 1256 sidione
285 1192 421 1274 quadam
446 1192 598 1255 liberatus
628 1191 803 1274 agrestium
824 1189 927 1255 labor.
972 1213 1030 1257 usu

133 1277 213 1340 bant
238 1275 374 1360 gloriam
400 1276 497 1339 istam
526 1274 575 1338 illi
596 1295 721 1358 quoque
742 1273 906 1358 principes
936 1276 1030 1359 quio

133 1380 199 1424 non
225 1363 392 1444 poterant:
435 1381 511 1423 usur
535 1360 636 1423 abant
669 1361 775 1422 autem
809 1362 857 1423 ito
893 1362 932 1423 ut
966 1360 1030 1426 dom

134 1444 314 1528 fractasque
338 1443 484 1509 claustris
506 1382 592 1508 iiras
617 1465 654 1508 ac
677 1443 790 1507 deinde
812 1443 847 1507 in
869 1443 1013 1527 ipsorum

96 1553 121 1594 15
134 1529 207 1594 dem
221 1529 394 1594 ludibrium
410 1529 540 1595 emissas
555 1529 690 1593 mentita
711 1527 887 1612 sagacitate
903 1528 1030 1615 colligar

134 1613 209 1678 huic
229 1636 288 1697 par
303 1615 450 1700 capiendi
472 1613 707 1699 quaerendique
729 1613 826 1676 sudor
842 1634 1031 1699 summusqu

134 1701 219 1764 idem
233 1699 437 1783 gratissimus
457 1699 547 1762 labor
562 1698 715 1762 inuenire.
738 1698 912 1780 enimuero,
935 1698 965 1762 si
979 1720 1031 1783 qus

134 1783 256 1868 placuit
277 1783 362 1848 idem
385 1786 527 1865 corporis
547 1781 644 1845 robur
667 1782 703 1846 in
724 1781 825 1846 maria
846 1782 1009 1868 proferre,

135 1867 189 1930 ille
211 1867 372 1931 fluitantia
394 1867 467 1930 uela
495 1870 551 1931 aut
572 1867 672 1930 oculis
695 1868 837 1950 sequitur
864 1869 922 1930 aut
944 1868 1031 1933 mani

97 1973 123 2013 ao
136 1951 192 2014 sed
213 1971 299 2014 nuno
320 1950 546 2034 gubernaculis
575 1951 708 2033 assidet,
738 1972 824 2015 nunc
853 1972 926 2015 cum
954 1953 1031 2017 ualer

136 2034 216 2098 simo
238 2055 362 2118 quoque
384 2034 539 2098 sodalium
562 2039 665 2099 certat
681 2037 831 2120 frangere
852 2035 982 2120 fluctus,
1005 2038 1031 2101 dc

135 2122 204 2182 tare
227 2121 342 2183 uentos
357 2119 551 2183 reluctantes
572 2120 732 2203 remisque
747 2124 920 2185 transnare
942 2122 1031 2186 obsta

133 2204 227 2268 freta.

198 2286 362 2359 LXXXII.
394 2287 557 2363 Quantum
577 2288 737 2353 dissimilis
757 2288 807 2353 illi
827 2290 882 2372 qui
901 2311 970 2354 non
985 2291 1031 2355 Al*

97 2394 123 2436 as
136 2374 224 2439 lacus
252 2374 354 2438 otium
376 2371 552 2457 Baianique
578 2377 741 2456 torporem
769 2376 802 2437 et
823 2373 990 2440 silentium
1010 2374 1032 2439 fi

134 2480 202 2523 non
230 2458 359 2543 pulsum
392 2457 499 2522 saltim
525 2458 750 2543 fragoremque
789 2479 953 2523 remorum
981 2480 1032 2544 per

135 2546 262 2624 poterat
289 2543 367 2625 quin
392 2543 433 2606 ad
454 2543 600 2626 singulos
627 2543 709 2606 ictus
730 2542 817 2624 turpi
838 2542 1013 2609 formidine

135 2628 293 2689 resueret!
338 2626 447 2706 itaque
468 2625 580 2707 procul
608 2627 648 2690 ab
676 2626 766 2689 omni
792 2647 871 2691 sono
893 2628 1032 2693 inconco

135 2707 205 2789 ipse
226 2710 258 2771 et
272 2708 335 2770 iam
350 2707 491 2772 inmotus
510 2709 649 2794 religato
664 2711 870 2795 reuinctoque
890 2713 1022 2798 nauigio

96 2811 124 2850 co
136 2811 227 2854 secus
250 2811 287 2854 ac
332 2790 470 2856 iaculum
493 2793 622 2877 aliquod
642 2793 837 2859 trahebatur.
877 2795 975 2861 foeda
996 2796 1032 2860 fa

138 2895 210 2937 cum
230 2812 341 2958 populi
362 2873 500 2941 Romani
522 2879 696 2962 imperator
718 2877 857 2942 alienum
880 2901 1032 2945 cursum:

136 2979 276 3043 numque
297 2964 454 3025 rectorem
476 2963 565 3026 uelut
588 2967 681 3048 capta
701 2984 783 3028 naue
805 2967 1004 3049 sequeretur.

136 3099 338 3108 .————-

204 3184 220 3232 6
237 3184 424 3248 experimenta
435 3185 541 3249 Lipsius
554 3183 564 3250 ΙΙ
577 3188 609 3236 13
626 3185 668 3236 ita
684 3187 745 3237 add.
760 3185 851 3251 Cuspr
869 3201 917 3238 om.
929 3184 981 3251 ΙΙ
999 3186 1031 3237 14

137 3249 197 3300 dem
215 3265 244 3318 g:
264 3250 360 3315 quidni
377 3252 405 3299 Κ
424 3249 434 3316 ΙΙ
457 3255 489 3302 16
506 3253 571 3303 huic
589 3253 749 3304 Coronaeus:
767 3254 810 3304 his
827 3255 856 3302 1
872 3269 947 3304 nunc
966 3255 1033 3321 Llpr

137 3320 169 3368 19
187 3314 323 3382 manibus]
347 3319 465 3370 nauibur
483 3319 615 3371 Liuineius
638 3318 648 3385 ΙΙ
672 3322 705 3370 22
723 3327 867 3372 transnare
883 3322 997 3386 scripsi.-
1018 3325 1033 3371 t:

135 3384 204 3436 ferre
221 3387 249 3434 Ι
267 3385 448 3436 transfretare
461 3387 606 3437 Coronaeus
623 3389 743 3440 transire
756 3390 864 3454 Lipsiae
880 3389 1025 3440 transilire

136 3454 184 3501 lius
200 3450 211 3516 ΙΙ
227 3456 260 3504 25
279 3459 400 3518 teporem
418 3468 435 3519 ς
456 3451 466 3518 ΙΙ
488 3457 521 3505 29
540 3455 622 3504 etiam
640 3460 730 3505 motus
743 3458 779 3518 1,
798 3459 913 3507 correxi.
932 3463 961 3508 et
979 3457 1033 3507 imn

136 3519 194 3568 edd.
210 3519 215 3585 Ι
230 3520 353 3585 relegato
370 3524 456 3572 renin.
474 3522 578 3572 va:
598 3521 754 3589 relegatore
771 3524 828 3574 uin.
846 3526 864 3572 0
