2406 4012
129 215 192 280 282
454 214 517 264 xu.
548 213 681 264 raeiri
699 213 779 267 rau.

131 366 231 430 oblita
258 365 353 430 caede
375 363 575 428 dominorum
600 365 727 446 sceptra
748 362 879 446 cepistis
907 366 940 427 et
961 362 1097 446 periculo

129 472 197 514 non
217 450 340 513 minore
362 470 457 533 quam
484 447 602 512 scelere
623 447 794 531 imperium
815 447 886 510 uita
907 447 1094 530 paciscentis

132 535 297 619 sanguinis
325 535 428 616 pretIo
455 533 580 616 regium
608 552 728 595 nomen
756 531 895 595 emistis:
940 553 976 595 re
999 532 1095 595 ulsam

131 622 255 703 patitur
269 617 470 701 principatus
492 620 525 679 et
545 637 627 679 unus
650 619 699 679 est
713 615 852 680 ambitus
875 554 1043 680 candidati
1062 636 1122 680 ne·

106 703 319 767 sdeclaretur.
365 701 513 765 credetne
534 699 595 764 hoc
617 700 693 763 olim
715 704 853 764 uentura
873 701 1048 783 posteritas
1070 702 1100 763 et
1129 754 1132 759 .

131 786 308 871 praestabit
334 785 428 849 nobis
450 788 516 848 tam
539 785 714 869 gratiosam
735 784 832 848 fidem
859 787 897 848 ut
918 787 1032 849 nostro
1052 783 1099 848 de

131 893 219 935 mum
241 870 366 935 saeculo
382 872 505 934 annuat
520 869 640 933 factum
663 870 749 953 quod
762 869 862 933 tantis
884 869 974 932 infra
995 888 1099 952 supra

133 977 194 1039 que
211 956 410 1038 temporibus
432 975 492 1018 nec
513 954 674 1019 inuenerit
697 954 856 1018 aemulum
876 974 940 1017 nec
954 952 1102 1017 habuerit
1129 1010 1134 1019 .

134 1040 336 1123 exemplum?
382 1039 435 1103 sed
459 1038 513 1122 qui
540 1039 626 1103 uitae
648 1041 723 1102 tuae
751 1040 872 1102 sectam
898 1036 1102 1121 rationesque
1131 1034 1136 1067 ·'

96 1145 172 1189 roco
220 1124 336 1203 cuerit,
365 1123 440 1187 fidei
461 1124 688 1187 incunctanter
715 1122 845 1187 accedet
865 1143 927 1187 nec
953 1122 1104 1187 abnuisse
1128 1178 1141 1221 ,4

134 1209 177 1272 du
199 1208 294 1271 itabit
314 1208 484 1290 imperium
507 1209 552 1271 sic
574 1208 815 1291 imperaturum.
859 1205 910 1270 illi
932 1207 1036 1288 enim,
1058 1205 1104 1270 illi
1129 1226 1141 1289 ,ξ

134 1292 227 1355 auide
249 1312 349 1375 regna
372 1291 553 1354 desiderent
575 1313 654 1375 quos
684 1293 787 1356 soluta
808 1291 934 1375 legibus
964 1291 1034 1355 uita
1055 1290 1104 1355 de·
1136 1312 1141 1373 ij

134 1377 248 1458 Iactat,
271 1396 406 1457 quorum
429 1374 599 1440 crudelitas
621 1376 823 1440 indemnatos
844 1375 1000 1459 necandi,
1022 1374 1106 1459 cupi·
1134 1418 1141 1443 .·

135 1460 217 1523 ditas
244 1461 371 1542 priuata
398 1459 560 1543 rapiendi,
590 1460 690 1524 libido
712 1459 850 1525 honesta
873 1459 1032 1524 foedandi
1056 1459 1105 1523 ius
1133 1494 1141 1519 .-

96 1561 122 1601 15
135 1548 231 1628 atque
253 1545 477 1628 impunitatem
501 1545 677 1628 requirunt.
721 1545 796 1628 quid
817 1548 874 1608 tua
895 1545 1056 1609 intererat
1073 1546 1107 1607 te
1139 1580 1141 1585 ·

135 1628 1107 1796 eustratiusfluctuamur-utta&

136 1799 200 1861 sior
226 1797 331 1862 cultus
359 1801 416 1861 aut
437 1799 540 1863 minor
568 1797 738 1882 sanguinis
759 1798 891 1861 humani
918 1801 1026 1861 metus
1054 1800 1109 1861 aut

138 1883 261 1946 alienae
287 1882 333 1945 rei
358 1885 463 1945 maior
491 1885 540 1947 est
561 1883 732 1965 appetitus.
776 1882 860 1945 idem
883 1902 917 1945 es
940 1882 997 1965 qui
1019 1881 1108 1945 fuisti

98 1983 124 2022 ao
138 1969 171 2028 et
184 1968 312 2029 tantum
326 1965 387 2029 tibi
407 1970 511 2048 perte
526 1967 603 2030 licet
623 1970 777 2050 quantum
796 1987 854 2049 per
869 1965 899 2028 le
924 1986 959 2029 es
979 1966 1107 2033 licebat.

137 2049 186 2111 ius
215 2069 373 2111 summum
401 2049 556 2113 facultate
588 2054 621 2113 et
648 2051 741 2134 copia
769 2071 873 2114 comm
916 2049 1011 2132 andi,
1044 2070 1108 2114 non

138 2132 306 2198 securitate
334 2134 489 2216 peccandi
521 2135 684 2217 experiris.
727 2156 827 2198 unum
855 2133 915 2198 tibi
946 2134 1109 2217 praestitit

137 2218 337 2302 principatus
365 2222 401 2283 ut
430 2221 550 2283 certum
579 2218 755 2283 habeamus
783 2240 894 2282 omnes
923 2219 1023 2282 etiam
1052 2218 1109 2283 sub

137 2303 382 2386 imperatoribus
405 2303 476 2368 aliis
498 2304 616 2369 uixisse
637 2306 670 2367 te
693 2303 818 2387 legibus
840 2303 914 2367 tuis,
955 2325 1035 2367 nam
1057 2302 1108 2387 qui

100 2387 220 2452 anihil
242 2388 323 2452 facit
344 2388 478 2452 licenter
499 2410 571 2453 cum
593 2390 715 2471 potest,
738 2408 913 2470 numquam
934 2387 1050 2452 uoluit.

202 2471 293 2536 XIII.
338 2470 422 2547 Quin
449 2473 504 2537 ubi
525 2473 665 2556 primurn
686 2475 719 2536 te
745 2472 881 2556 imperio
907 2468 1108 2554 praestitisti,

138 2578 205 2621 non
229 2560 399 2621 contentus
420 2559 489 2640 ipse
513 2559 592 2621 citra
609 2557 690 2621 uitia
712 2556 882 2621 recessisse
905 2555 1044 2620 aliorum
1064 2553 1108 2619 ui·

138 2640 193 2702 tiis
216 2641 413 2723 corrigendis
435 2663 545 2704 curam
567 2641 727 2724 adiecisti3
755 2641 850 2724 idque
871 2640 1052 2722 moderate,
1073 2640 1109 2703 ut

139 2723 271 2785 suadere
321 2724 403 2786 otius
430 2723 566 2788 honesta
593 2747 689 2809 quam
721 2746 836 2810 cogere
867 2723 1034 2789 uidereris.
1079 2724 1110 2787 a

100 2818 126 2860 ω
140 2805 214 2901 quia
234 2804 287 2868 uel
297 2744 400 2903 longo
424 2807 557 2871 orientis
576 2832 636 2874 usu
658 2810 710 2874 uel
724 2811 899 2874 multorum
920 2812 1008 2873 retro
1024 2807 1108 2891 prin·

141 2910 248 2971 crpum
269 2911 456 2955 remissione
475 2894 585 2956 tantus
608 2894 762 2977 quosdam
783 2893 876 2959 luxus
897 2893 1056 2958 infecerat
1075 2894 1111 2953 nt

142 3048 240 3055 ——0-
246 3049 278 3055 --
288 3049 344 3055 .....--

210 3130 355 3196 loblitig
384 3130 387 3194 Ι
415 3130 512 3196 caede]
537 3132 638 3183 sedec
661 3132 713 3181 fide
730 3135 788 3183 cdd.
819 3131 829 3197 n
859 3133 1112 3196 2paciscentcsv

143 3196 155 3263 II
186 3199 253 3246 dne
271 3197 412 3248 dederetur
429 3201 464 3247 W
492 3198 502 3264 ΙΙ
532 3196 690 3264 tgratios.]
710 3200 856 3265 gloriosam
875 3202 934 3249 edd.
965 3196 976 3263 II
1006 3200 1041 3248 14
1058 3193 1110 3261 incl

139 3266 196 3314 uim
213 3265 429 3330 Eyssenhardtur.
457 3284 491 3316 cn
510 3270 612 3317 usum?
641 3266 650 3332 ΙΙ
682 3268 713 3316 15
733 3265 1010 3330 importunitatem
1040 3262 1052 3330 I
1080 3266 1112 3315 28

139 3332 302 3382 haberemus
325 3335 381 3383 cdd.
418 3331 428 3397 ΙΙ
462 3337 495 3385 25
518 3334 635 3385 libenter
658 3336 691 3381 W
724 3332 734 3398 ΙΙ
769 3336 801 3384 ⁸26
824 3329 884 3399 ubi]
908 3335 1003 3384 tibio
1035 3331 1047 3397 ΙΙ
1080 3332 1111 3381 t'l

140 3400 211 3448 citra
234 3401 365 3464 Hauptr'toe
384 3401 475 3453 Herm.
493 3401 543 3451 IV
559 3419 588 3465 p.
608 3405 678 3451 332:
704 3403 777 3450 ultra
799 3402 826 3448 Π
849 3400 924 3451 Bert.
957 3400 962 3461 1
995 3400 1114 3450 aliorum

140 3466 163 3512 Δ
185 3465 275 3579 {tepla
306 3467 407 3517 alienis
429 3468 449 3516 Β
468 3471 485 3516 c
503 3468 525 3515 V
541 3469 574 3516 W
606 3468 610 3532 Ι
643 3466 733 3533 uitiis]
757 3481 828 3517 unus
852 3466 927 3519 Bert.
964 3465 975 3531 II
1009 3468 1045 3517 28
1068 3480 1116 3517 cu·

141 3545 202 3580 raur
