2406 4012
178 205 241 269 290
504 207 565 257 x11.
596 205 727 256 Ριοιιι
745 206 825 257 Pru.

180 359 313 442 (nea
264 359 313 420 sta
314 356 373 420 tim
401 377 524 420 summa
553 355 729 438 capiamus)
763 353 849 450 quod
878 354 989 419 creber
1012 375 1193 452 egressu„

180 441 422 525 expectantibus
454 440 580 523 populis
612 444 646 503 te
675 439 723 502 fat
709 438 787 503 teris
820 459 881 502 nec
914 438 1021 502 uideri
1053 441 1195 505 modo

179 527 319 610 patiano,
357 525 411 589 sed
443 525 549 588 facilis
584 523 665 587 adiri
697 545 713 586 e
740 523 885 619 proximo
919 525 1041 606 accipis
1075 529 1153 589 uota

179 611 387 674 hominumt
388 630 516 690 uorum,
550 611 586 672 ut
591 607 775 691 ‚quisquis
805 607 858 671 illc
892 608 1060 672 consultor
1093 613 1152 693 est,

153 696 305 758 setiamsi
334 694 486 756 meruerit
509 658 614 776 (quod
640 696 688 756 est
711 695 831 774 rarum)
858 692 1038 775 repulsam,
1067 693 1152 758 ferat

179 783 288 842 tamen
320 779 381 841 uisi
410 778 550 841 numinis
584 776 825 840 conscientiam.
877 781 912 840 at
940 798 1041 860 quam
1068 778 1152 841 alter

179 862 305 959 illorum
321 863 501 945 principum
524 882 591 924 mos
612 861 674 925 fuit
695 861 787 958 (quos
803 861 925 944 loquar,
948 865 1064 926 notum
1088 865 1150 943 est)

181 947 240 1045 qui
256 947 453 1012 maiestatem
468 947 601 1093 regiam
613 945 760 1008 imminui
783 949 815 1008 et
837 944 1003 1030 uulgarip
1005 946 1152 1031 utahant,

179 1032 243 1095 nisi
276 1053 329 1096 eos
362 1033 448 1095 intra
481 1031 654 1114 repositum
684 1030 786 1093 Palat‘
763 1033 850 1093 t1nae
884 1029 972 1093 aedis
980 969 1152 1095 pinclusos

141 1138 166 1177 ιι
180 1120 343 1198 tamquam
366 1116 494 1213 aliquod
509 1114 638 1180 Uestale
661 1116 817 1178 secretum
839 1115 1009 1178 ueneratio
1025 1115 1152 1180 occulta

181 1202 402 1283 consuluisset,
426 1200 489 1264 nisi
509 1200 595 1263 intra
611 1198 818 1263 domesticam
841 1198 989 1262 umbram
1008 1199 1153 1275 iacentes

180 1283 255 1346 solit
255 1285 317 1379 udo
335 1284 462 1366 prouisa
484 1286 517 1346 et
538 1283 643 1347 silent'
620 1293 665 1347 ιιι
681 1283 746 1346 late
769 1282 938 1346 conciliata
959 1283 1150 1348 uallassent.

180 1367 257 1450 quin
283 1367 311 1430 si
333 1367 499 1463 quando
489 1389 524 1430 ιιι
552 1366 656 1431 lucem
686 1367 794 1431 uenire
824 1370 856 1430 et
878 1366 963 1430 diem
987 1367 1074 1431 ferre
1096 1390 1151 1452 po·

179 1451 332 1533 tuissent,
369 1450 491 1515 lecticis
520 1452 682 1535 tensisque
718 1450 861 1515 subuecti
896 1455 929 1515 et
956 1450 1151 1516 densissima

142 1556 167 1596 ιι
181 1536 300 1601 circum
315 1500 473 1634 supraque
494 1537 633 1620 cooperti
648 1536 789 1599 uirorum
808 1556 1036 1620 armorumque
1049 1539 1150 1600 testu·

180 1621 255 1685 dine
283 1621 402 1685 sensim
430 1624 524 1704 atque
553 1621 781 1684 adnumerum
809 1620 1035 1686 mouebantur
1080 1624 1149 1685 tum

179 1707 276 1791 longe
297 1705 434 1789 populus
457 1705 646 1790 abigebatur
674 1726 733 1768 nec
755 1705 857 1768 otiosa
878 1704 1012 1769 uiatoris
1035 1726 1149 1769 manus

180 1790 306 1873 plebem
340 1790 470 1854 uerbere
504 1789 783 1853 submouebatt
746 1793 783 1852 ut
809 1792 966 1853 secretum
999 1790 1124 1854 esset
1115 1811 1150 1853 ιιι

179 1874 317 1956 publico.
362 1878 396 1937 at
417 1877 528 1937 noster
548 1874 601 1937 hic
623 1874 770 1936 omnibus
799 1873 993 1956 spectandus
1017 1875 1151 1938 offertur

141 1978 240 2020 conec
261 1958 364 2040 magis
387 1979 588 2022 communem
610 1957 697 2022 hunc
711 1957 794 2021 diem
818 1960 913 2054 atque
935 1958 1037 2022 solem
1031 1979 1148 2056 quam

179 2043 323 2103 nostrum
338 2041 563 2123 imperatorem
586 2041 687 2105 uideri
702 2042 786 2106 licet.
814 2043 892 2124 quin
916 2063 989 2106 cum
1006 2043 1149 2106 uicinum

180 2125 322 2189 habeant
342 2126 496 2208 permissa
514 2125 692 2223 fastidium,
713 2148 888 2223 numquam
908 2126 969 2190 iste
993 2127 1149 2191 mirantes

181 2210 287 2293 explet
273 2210 432 2274 toculos.
477 2210 580 2294 magis
607 2211 772 2294 magisque
797 2211 884 2274 uisus
915 2211 1080 2293 expetitur
1108 2215 1149 2293 et,

180 2316 299 2358 nouum
322 2294 422 2377 dictu,
445 2316 598 2377 praesens
621 2295 824 2359 desideratur.

142 2398 167 2438 ιι
244 2378 347 2442 XXII.
377 2379 531 2442 Miremur
552 2381 587 2443 in
608 2380 740 2443 urbibus
755 2380 819 2443 tuis
842 2382 875 2442 et
896 2400 915 2442 a
933 2378 998 2443 tuis
1020 2379 1149 2463 populis

180 2465 213 2526 te
228 2463 353 2526 uideri?
377 2485 470 2546 quem
484 2464 551 2527 fere
573 2463 662 2527 nulla
683 2465 717 2527 in
740 2464 806 2527 solo
822 2485 879 2527 suo
901 2463 993 2527 natio
1015 2468 1150 2528 externa

181 2569 248 2611 non
270 2547 351 2610 uidit
337 2547 492 2631 t‚idque
514 2549 561 2613 ita
586 2548 696 2612 crebro
718 2552 755 2611 ut
775 2569 878 2630 paene
899 2551 966 2612 tam
988 2551 1087 2613 notus
1110 2548 1152 2612 sit

181 2631 324 2693 barbaris
347 2632 524 2696 uultus't
481 2636 542 2696 iste
564 2654 659 2716 quam
680 2633 783 2696 nobis.
828 2653 889 2696 nec
910 2633 1047 2716 frustra,
1079 2654 1151 2698 oum

181 2716 319 2776 aestates
352 2736 462 2778 omnes
490 2717 580 2798 foris,
614 2716 734 2781 hiemes
762 2716 848 2780 domi
877 2717 997 2782 ducens
1025 2718 1150 2815 ciuibus

140 2818 168 2858 ao
181 2796 389 2879 hostibusque
415 2799 485 2880 pari
515 2766 598 2863 sorte
627 2802 705 2864 anni
732 2802 837 2884 spatia
863 2800 1010 2866 diuiseris
1037 2805 1087 2885 et,
1123 2802 1150 2865 ιι

181 2881 235 2965 qui
256 2881 339 2944 forte
362 2902 421 2944 sun
424 2883 658 2948 tbarbarorum
681 2886 736 2969 qui
757 2884 900 2949 nondum
923 2886 1054 2950 uirtutis
1076 2852 1151 2951 tuae

250 3120 398 3185 lsumma]
417 3124 524 3173 sumina
541 3124 577 3186 A3
604 3140 639 3173 aa
656 3124 818 3174 cacumina?
845 3124 849 3184 Ι
876 3124 1017 3188 capiamus
1035 3124 1084 3173 W:
1106 3139 1150 3174 ca·

199 3196 291 3240 tamus
307 3190 427 3239 Anov
446 3197 588 3255 captemus
606 3194 664 3244 edd.
689 3189 699 3256 ΙΙ
729 3191 956 3270 ιιιριιιιιιιιι
973 3191 1153 3256 Wopkeastue

180 3206 367 3321 ittomnium
385 3260 456 3306 tuor.
472 3260 603 3308 Liuineius
624 3257 634 3323 ΙΙ
655 3261 670 3308 6
689 3258 743 3307 uisi
761 3272 798 3307 w:
818 3264 848 3308 ιιι
867 3260 890 3308 ιι
908 3260 935 3306 Μ
952 3258 1029 3308 Bert.
1046 3257 1086 3324 lq
1088 3274 1152 3309 uam

181 3326 333 3387 &quanto
351 3327 379 3372 H
397 3324 470 3373 Bert.
487 3326 587 3385 taliter
605 3329 663 3377 edd.
680 3324 690 3391 ΙΙ
713 3328 727 3375 7
746 3326 842 3391 loquor
859 3326 891 3374 W
908 3323 917 3390 ΙΙ
939 3328 955 3376 8
973 3325 1153 3391 inuulgaril

183 3388 195 3452 Η
216 3394 247 3441 10
266 3388 390 3457 aliquod]
408 3390 483 3440 aliud
499 3391 575 3444 Bert.
592 3391 602 3458 ΙΙ
622 3397 652 3443 12
672 3393 820 3444 consiliata
837 3391 889 3441 Ac
908 3393 1077 3444 consciliata
1097 3395 1118 3443 B
1138 3390 1150 3461 ΙΙ

181 3459 213 3504 19
231 3458 396 3509 offerturA:
420 3456 534 3508 affertur
551 3462 571 3510 B
590 3465 606 3510 c
627 3463 697 3510 ΠΙ
726 3458 736 3525 ΙΙ
766 3464 798 3511 22
817 3461 959 3512 habebant
976 3463 1153 3526 promissae

182 3519 195 3584 li
214 3524 247 3571 24
265 3522 380 3590 nouum]
398 3527 494 3574 mirum
512 3540 536 3574 w
559 3526 569 3592 ΙΙ
594 3532 626 3580 26
646 3526 712 3595 sere]
731 3545 797 3580 uere
815 3531 838 3578 A
853 3527 857 3592 Ι
872 3528 941 3578 solio
960 3530 977 3577 d
