2406 4012
133 180 196 245 228
460 183 493 232 x.
523 181 673 232 narsen
691 181 774 231 rau.

133 352 240 396 merae
263 324 358 395 simul
379 335 492 416 gentes
515 329 554 393 ad
574 329 694 394 bellum
717 330 856 411 coactae,
880 327 1030 393 seduno
1052 329 1110 393 im-

134 420 211 500 petu
242 419 298 480 tuo
331 416 421 479 fusae
428 464 437 496 ,
475 414 550 477 dum
583 413 768 511 collatinam
803 412 870 476 uim
902 417 1110 497 comparant,

135 499 917 666 comqqnxdrqqqrtthqecthqqlaqpsprngqqqgrssqqibus
940 581 1110 645 immorari

108 672 277 750 enecaret,
313 668 380 730 dies
406 668 534 751 integer
563 667 761 730 conderetur.
807 687 894 729 nunc
921 665 970 729 ita
998 667 1112 731 omnia

133 751 372 835 praeteruolans
401 751 510 834 tetigit
538 751 639 814 oratio
672 754 709 813 ut
739 750 948 813 uictoriarum
977 752 1110 815 tuarum

133 857 198 899 non
222 857 378 899 summam
401 836 576 913 euolueret,
605 836 659 898 aed
681 837 872 898 ornamenta
895 837 1108 899 monstraret.

134 920 184 984 his
206 921 300 984 rebus
323 942 448 1004 semper
470 941 487 982 e
509 919 691 1003 republica
712 919 812 1001 gestis
834 922 930 982 tanta
950 918 984 981 ui
999 922 1109 983 tanto

134 1027 195 1088 que
231 1026 378 1069 successu
407 1008 444 1068 ut
470 1024 643 1086 numquam
676 1003 778 1066 uirtus
806 1006 862 1065 tua
890 1002 1109 1085 intremuerit,

97 1108 121 1147 ιο
134 1089 305 1172 prudentia
337 1088 490 1172 haeserit,
526 1088 663 1151 felicitas
700 1085 900 1169 claudicarit,
938 1087 1035 1165 satis,
1073 1090 1110 1151 ut

135 1174 267 1256 opinor,
303 1174 473 1254 probatum
506 1175 555 1235 est
586 1174 771 1254 perpetuam
807 1172 842 1233 iu
875 1174 908 1234 te
942 1170 1108 1256 benignae

134 1256 312 1320 maiestatis
335 1276 427 1338 opem
443 1256 550 1336 fluere,
573 1259 610 1318 ut
626 1255 771 1320 caelestis
794 1255 952 1319 exereitus
966 1255 1017 1318 tui
1039 1276 1108 1319 non

134 1342 211 1403 tunc
233 1340 372 1422 primum
397 1340 501 1422 missi,
532 1340 677 1402 sedtum
700 1340 827 1403 demum
852 1338 1015 1403 intellecti
1038 1360 1107 1403 esee

134 1422 313 1486 uideantur.
363 1424 438 1486 talis
472 1423 571 1507 igitur
605 1424 645 1486 ad
678 1423 877 1487 liberandam
906 1421 1041 1486 Italiam
1075 1426 1109 1487 et

96 1510 203 1571 ratam
224 1511 313 1572 tutus
336 1508 459 1573 accedis
481 1511 527 1590 ut,
552 1529 624 1571 cum
645 1529 696 1571 res
714 1507 828 1571 bellica
850 1528 963 1571 caecos
985 1505 1109 1571 habeat

135 1596 278 1675 euentus,
300 1596 368 1657 tute
388 1596 496 1657 tamen
519 1592 691 1655 dimicandi
711 1592 910 1655 uoluntatem
929 1612 988 1673 pro
1004 1592 1105 1656 uicto

134 1677 201 1740 riae
220 1678 356 1762 pignore
371 1681 505 1758 teneres,
529 1675 654 1740 etiamsi
676 1676 825 1739 abessent
847 1674 967 1739 auxilia
983 1675 1104 1740 diuina.

135 1762 246 1824 aderat
261 1762 347 1825 enim
362 1763 512 1826 robustus
528 1766 560 1824 et
573 1761 701 1841 floreus,
725 1758 839 1843 plenus
854 1759 982 1839 uirium,
1003 1761 1106 1824 animi

134 1844 248 1926 plenus
271 1846 443 1925 exercituo,
465 1846 568 1908 laetus
591 1845 686 1907 armis
709 1849 741 1907 et
762 1843 895 1907 militiae
917 1843 1032 1907 munia
1054 1865 1106 1907 ex·

97 1950 122 1990 20
136 1948 254 2009 equens
283 1929 387 1992 studio
415 1930 518 2011 magis
546 1950 641 2011 quam
668 1927 874 2009 necessitate,
904 1928 1025 2011 quippe
1055 1929 1105 1993 cui

135 2011 295 2092 stipendia
326 2014 402 2074 sunt
433 2012 587 2095 pauciora
620 2033 716 2094 quam
748 2011 870 2096 proelia
908 2014 996 2096 (cum
1032 2013 1103 2077 dico

134 2094 263 2178 proelia,
286 2095 433 2179 significo
455 2095 630 2177 uictorias),
653 2104 819 2180 praeterea
833 2098 900 2159 tam
923 2118 1037 2159 amans
1056 2097 1104 2160 tui

134 2201 228 2262 quam
261 2179 321 2243 tibi
355 2201 455 2244 carus.
504 2180 635 2263 ignosce
673 2181 774 2263 enim,
813 2180 951 2264 superba
987 2181 1102 2263 uirtus,

134 2266 339 2348 quantumuis
361 2264 494 2329 fiduciae
517 2268 549 2329 et
570 2265 700 2348 spiritus
723 2265 847 2349 capias,
870 2285 963 2328 amor
984 2265 1104 2348 princi-

95 2369 121 2410 ss
133 2349 184 2433 pis
206 2349 284 2414 facit
305 2350 440 2415 militem
461 2350 637 2414 fortiorem.

198 2433 270 2498 XX.
309 2435 453 2518 Antiqua
476 2435 646 2498 admodum
668 2454 719 2497 res
742 2436 791 2496 est
812 2454 910 2516 quam
930 2432 1103 2516 proferam,

134 2517 189 2581 sed
211 2539 278 2581 non
300 2519 435 2604 indigna
459 2521 645 2583 memoratu.
691 2516 794 2600 Illyrii
816 2517 977 2600 quondam
1000 2516 1102 2600 despi-

134 2602 256 2664 cientes
279 2604 398 2684 Aeropi
425 2604 511 2684 regis
538 2603 710 2666 infantiam
734 2600 927 2664 Macedonas
951 2600 1037 2665 bello
1061 2602 1102 2664 la

136 2683 321 2746 cessierunt.
365 2688 397 2747 et
424 2687 528 2766 prima
555 2687 682 2768 quidem
712 2686 895 2769 congressio
925 2685 1102 2750 secundum

94 2788 121 2827 so
135 2765 208 2828 illos
230 2765 307 2848 fuit3
340 2788 452 2829 uerum
473 2767 665 2831 Macedones
688 2792 759 2834 cum
782 2768 899 2832 bellum
921 2768 1100 2851 reficerent,

133 2869 243 2931 regem
266 2869 358 2912 suum
379 2850 520 2914 incurris
542 2852 581 2914 ad
598 2853 698 2916 aciem
713 2852 904 2917 detulerunt.
935 2874 1009 2917 curn
1030 2853 1101 2917 illos

200 3024 216 3071 2
234 3020 394 3072 collatinam
413 3024 430 3071 0
451 3020 461 3088 ΙΙ
484 3021 583 3087 41100]
604 3040 637 3072 ex
654 3024 687 3072 W
707 3021 718 3089 t
741 3025 757 3072 6
775 3025 872 3089 tetigit
890 3025 1040 3075 Acidaliae:
1060 3038 1100 3073 ce-

134 3089 204 3139 cidit
219 3091 247 3137 1
282 3086 292 3153 ΙΙ
328 3093 343 3140 7
366 3106 498 3141 summam
520 3091 660 3140 euolueret
679 3105 717 3140 w:
745 3106 849 3141 summa
871 3105 912 3140 me
930 3091 1101 3141 solueret!

134 3158 250 3217 (summa
268 3157 426 3208 reuolueret
445 3160 467 3207 V
485 3176 520 3209 en
537 3159 615 3221 corr.)
637 3157 647 3223 ΙΙ
668 3160 700 3207 12
720 3157 840 3208 celestes
858 3171 883 3205 w
903 3156 913 3223 t
936 3161 967 3209 13
986 3160 1101 3223 primum

133 3225 177 3274 W:
197 3226 283 3289 primo
301 3227 323 3273 Δ
340 3227 361 3275 Β
379 3227 396 3272 0
414 3227 436 3274 V
452 3224 457 3289 Ι
473 3227 520 3276 sed
539 3232 605 3276 tunc
623 3227 681 3277 edd.
703 3223 713 3290 ΙΙ
738 3227 769 3275 16
789 3231 847 3275 tuta
865 3241 927 3289 apo:
945 3226 975 3275 iu
994 3232 1023 3275 te
1039 3227 1067 3273 1
1087 3224 1099 3285 l}

134 3295 165 3341 17
184 3300 291 3343 teneres
307 3293 395 3345 Baras
414 3295 593 3344 tenerebasA
611 3292 725 3343 tenebas
737 3294 757 3341 B
770 3294 787 3341 0
800 3295 822 3342 V
833 3295 866 3341 w
882 3291 893 3357 q
909 3295 945 3343 20
963 3294 1009 3343 cni
1026 3294 1100 3343 Bert.

132 3372 167 3409 w:
189 3361 231 3408 tui
247 3360 275 3406 1
299 3357 309 3424 ss
332 3362 363 3410 21
383 3361 439 3409 sint
456 3362 478 3408 Δ
502 3358 512 3424 ΙΙ
536 3363 569 3410 24
586 3361 740 3425 principem
756 3362 790 3408 W
812 3357 822 3425 ll
846 3362 879 3410 27
897 3359 971 3410 Illiri
987 3360 1012 3409 Δ
1035 3358 1045 3425 ΙΙ
1068 3361 1101 3410 28

133 3424 273 3540 eropitlnl
288 3427 452 3541 mavcedones
468 3428 488 3475 B
502 3430 519 3475 0
531 3429 553 3476 V
565 3428 610 3490 W?
629 3436 656 3478 at
673 3428 707 3491 cf.
719 3428 834 3478 Iustinus
849 3426 908 3477 VII
920 3430 946 3487 2,
966 3432 981 3477 7
996 3426 1002 3492 Ι
1016 3426 1102 3479 laces·

133 3506 214 3541 serua
282 3496 300 3542 0
357 3496 390 3544 W
