2406 4012
132 147 173 209 72
210 166 215 173 ‘
454 148 476 199 Ι.
513 148 545 199 C.
564 148 679 200 PLINII
696 148 778 199 Plu.
1096 39 1143 281 Ἰ

133 298 223 360 sebat
238 297 321 380 quod
337 300 543 380 sequerentur
560 317 670 361 omnes
694 299 727 361 et
741 317 853 362 omnes
868 297 914 361 im
938 299 1108 381 robarcut,
1140 292 1143 315 ²

131 383 165 444 iu
200 381 312 465 primis
345 382 414 466 ipse
447 381 501 464 qui
534 383 711 446 censuerat.
761 381 839 446 adeo
870 320 964 447 nuiia
998 385 1107 469 magis
1134 366 1143 439 i

133 465 280 529 omnibus
314 465 487 548 displicent
513 487 608 550 quarn
638 486 719 548 quae
751 466 796 529 sio
825 465 910 531 fiunt
937 470 1103 551 tamquam
1134 466 1143 543 ἶ

134 551 281 614 omnibus
303 549 463 632 placeant.
508 551 644 613 fortasse
665 549 839 634 imperator
865 551 901 614 in
924 555 1044 617 senatu
1064 554 1104 619 ad
1139 570 1143 577 ·

107 633 345 698 areuerentiam
374 633 440 697 eius
473 634 738 717 componebatur:
782 636 923 700 ceterum
954 658 1107 722 egressus

133 719 243 781 statim
271 739 305 781 se
332 717 510 801 recipiebat
531 719 566 782 in
587 717 768 802 prinoipem
793 718 965 803 omniaque
989 742 1102 787 eonsu-

132 803 214 865 laria
235 801 343 866 officia
364 802 505 885 abicere,
528 802 715 887 neglegere,
741 805 944 869 contemnere
964 806 1104 871 solebat.
1141 864 1143 869 .

133 886 187 949 ille
209 908 285 950 uero
307 886 354 950 ita
377 886 497 969 consul,
521 889 558 950 ut
580 887 754 951 sitantum
776 887 886 952 consul
899 889 996 969 foret,
1020 889 1103 955 nihil

133 971 219 1035 infre
241 993 274 1035 se
296 972 431 1055 putebat
450 971 515 1035 nisi
536 971 619 1055 quod
640 971 727 1035 infra
750 972 910 1037 consulem
934 976 1032 1038 esset.
1066 996 1108 1039 ac-

97 1057 272 1140 ltprimum
304 1057 351 1119 ita
380 1056 472 1119 domo
505 1056 769 1140 progrediebatur
801 1060 838 1119 ut
868 1056 961 1121 illum
993 1059 1103 1123 nullus

134 1143 307 1223 apparatus
334 1139 534 1224 arrogantiae
555 1140 759 1224 principalis,
786 1141 894 1205 nullus
915 1163 1103 1225 praecurso·

134 1245 203 1286 rum
230 1224 386 1287 turnultus
414 1224 581 1288 detineret.
626 1246 691 1288 una
714 1229 782 1289 erat
808 1224 844 1288 in
865 1224 979 1290 limine
1000 1248 1103 1309 more,

136 1307 314 1372 consultare
334 1329 409 1372 aues
424 1310 624 1391 reuererique
646 1310 814 1373 numinum
828 1310 982 1375 monitus.
1007 1333 1104 1377 nemo

134 1392 393 1476 proturbabatur,
413 1414 507 1456 nemo
530 1393 793 1457 submonebatur:
816 1396 909 1458 tanta
922 1396 1106 1461 uiatoribus

97 1495 121 1533 15
135 1476 223 1560 quies
230 1522 239 1558 ,
272 1479 381 1541 tantus
409 1477 513 1560 pudor
540 1477 681 1542 fascibus
713 1481 750 1542 ut
776 1479 964 1562 plerumque
996 1479 1108 1545 aliena

135 1563 230 1625 turba
252 1561 423 1625 subsistere
452 1566 484 1626 et
506 1562 670 1628 consulem
699 1565 732 1626 et
754 1563 932 1646 prinoipem
962 1568 1106 1649 cogeret

135 1646 235 1730 ipsius
257 1647 385 1730 quidem
408 1646 548 1711 officium
570 1652 636 1711 tom
657 1647 832 1729 modicum,
853 1652 923 1711 tam
945 1650 1106 1732 tempera·

134 1735 204 1794 tum
225 1735 262 1795 ut
284 1732 432 1815 antiquus
456 1732 570 1815 aliquis
591 1752 790 1815 magnusque
806 1731 918 1796 consul
939 1733 1000 1796 sub
1017 1733 1106 1800 bono

135 1816 279 1898 principe
297 1815 445 1879 incedere
462 1816 632 1879 uideretur.
655 1816 717 1879 iter
731 1817 779 1879 illi
795 1816 921 1900 saepius
934 1817 970 1880 in
985 1818 1106 1901 forum,

97 1916 122 1953 20
135 1899 318 1979 frequenter
339 1902 448 1963 tamen
471 1900 557 1963 etin
580 1920 737 1983 eampum.

199 1980 361 2045 LXXVII.
413 1981 496 2045 Nam
528 1983 656 2047 comitia
682 1984 848 2048 consulum
875 1984 989 2049 obibat
1014 1987 1108 2070 ipse:

135 2068 262 2128 tantum
290 2087 328 2130 ex
350 2066 588 2131 renuntiatione
617 2089 725 2133 eorum
750 2069 925 2153 uoluptatis
947 2075 1110 2152 quantum

135 2150 224 2232 prius
257 2172 295 2214 ex
322 2150 536 2216 destinatione
569 2153 724 2236 capiebat.
774 2153 906 2218 stabant
938 2156 1108 2220 candidati

137 2238 212 2299 ante
243 2236 383 2300 curulem
410 2237 577 2321 principis,
612 2240 649 2301 ut
675 2238 743 2320 ipse
771 2241 845 2302 ante
873 2239 1014 2303 consulis
1044 2244 1109 2305 ste·

98 2336 123 2376 25
136 2323 234 2403 terat,
266 2321 539 2407 adigebanturque
561 2322 596 2386 in
618 2322 717 2385 uerba
744 2322 779 2385 in
801 2343 882 2406 quae
903 2323 1002 2406 paulo
1028 2330 1111 2389 ante

136 2405 204 2489 ipse
231 2407 390 2472 iurauerat
415 2408 582 2492 princepS,
614 2406 669 2490 qui
695 2409 824 2470 tantum
852 2409 946 2490 putat
971 2427 1043 2473 esse
1072 2411 1109 2472 iu

135 2491 204 2554 iure
226 2492 360 2556 iurando
383 2493 513 2556 utillud
536 2495 568 2557 et
589 2493 630 2555 ab
647 2490 718 2554 aliis
740 2491 859 2575 exigat.
888 2490 1013 2574 reliqua
1027 2514 1110 2576 pars

136 2574 199 2637 diei
215 2576 367 2640 tribunali
383 2575 528 2640 dabatur.
555 2576 601 2640 ibi
623 2596 698 2639 uero
720 2580 841 2659 quanta
861 2574 974 2658 religio
998 2578 1109 2660 aequi-

136 2657 228 2719 tatis!
266 2661 385 2740 quanta
413 2658 521 2742 legum
548 2661 745 2724 reuerentia!
788 2659 898 2724 adibat
924 2660 1041 2743 aliquis
1070 2665 1109 2725 ut

97 2758 123 2797 eo
136 2740 331 2823 prinoipem:
369 2742 583 2825 respondebat
608 2764 641 2807 se
671 2743 834 2808 consulem
861 2764 938 2809 esse.
983 2744 1110 2809 nullius

137 2824 177 2888 ab
201 2844 237 2886 eo
260 2825 469 2910 magistratus
490 2827 557 2909 ius,
591 2828 711 2892 nullius
737 2829 910 2892 auctoritas
932 2828 1111 2894 imminuta

45 2920 49 2925 '
104 2935 107 2939 ⁴
137 2912 200 2991 cst,
235 2913 328 2973 aucta
355 2910 466 2996 etiam3
504 2911 660 2996 siqnidem
687 2912 840 2995 pleraque
872 2913 913 2976 ad
939 2916 1109 2995 praetores

61 3046 64 3050 ,
136 2992 320 3058 remittebat
347 2998 443 3078 atque
470 2997 516 3060 ita
544 3000 580 3061 ut
603 2997 741 3081 collegas
770 3000 914 3079 uocaret,
942 3017 1010 3061 non
1031 2999 1112 3081 quia

205 3205 220 3252 7
238 3201 346 3253 abicere
365 3201 511 3251 Liuineius:
534 3202 647 3266 abigere
665 3204 693 3249 li
716 3200 726 3266 ll
750 3205 766 3253 8
789 3206 820 3251 ut
838 3203 987 3252 sitantum
1006 3203 1108 3253 consul

137 3286 183 3318 om.
202 3272 235 3317 W
253 3268 263 3335 ll
281 3273 296 3320 9
315 3267 455 3321 consulem
475 3269 631 3320 Coronaeus:
653 3285 699 3320 eos
717 3272 745 3318 1
761 3266 772 3334 ΙΙ
790 3272 820 3319 11
839 3284 1031 3334 percussorum
1049 3272 1067 3320 0
1093 3267 1108 3336 ll

138 3338 170 3384 14
194 3337 465 3400 perturbatarum,
493 3352 561 3388 corr.
580 3338 712 3387 Liuineius
735 3334 745 3401 l
771 3340 802 3387 17
824 3340 898 3400 priua
919 3341 976 3388 tem
998 3355 1046 3389 om.
1069 3340 1109 3401 Ι,

137 3403 198 3451 cdd.
216 3416 241 3452 w
264 3403 274 3468 ll
300 3405 330 3455 le
352 3402 524 3455 intercedere
543 3409 561 3455 c
584 3407 588 3466 Ι
612 3403 654 3453 illi
671 3417 708 3453 νε
736 3403 793 3454 illis
810 3406 838 3451 Μ
862 3404 872 3471 ΙΙ
896 3407 928 3455 22
952 3410 980 3455 et
999 3410 1108 3456 tautum

137 3468 259 3533 Lipsius!
276 3467 419 3537 quantum]
439 3486 520 3535 quam
538 3476 555 3523 0
572 3471 582 3537 ΙΙ
599 3475 632 3522 27
650 3467 731 3537 illud]
751 3471 778 3520 id
796 3475 813 3520 (t
