2406 4012
137 209 199 273 184
330 210 403 259 VIII.
431 209 578 261 INCERTI
598 208 769 262 GRATIAR.
787 207 900 263 ACTIO

134 362 214 425 tiam
247 358 393 423 sensibus
421 358 484 422 tuis
518 362 569 442 ut,
608 357 874 442 quemadmodum
902 363 1105 442 praestantes
1142 408 1146 423 .

136 444 272 508 scientia
299 444 414 507 medici
444 464 510 507 non
539 446 751 526 aspernamur
783 444 918 507 uulnera
947 444 1104 528 inspicere
1142 454 1146 525 .j

135 551 215 614 quae
236 531 360 611 sanant,
383 529 430 591 ita
450 549 537 592 nunc
558 531 594 591 tu
611 528 775 611 paulisper
794 527 904 592 audias
920 529 1101 594 Aeduorum
1142 530 1146 579 i

136 613 262 678 labores
285 634 365 696 quos
388 612 555 675 sustulisti.
600 634 704 695 neque
732 611 818 676 enim
840 615 932 694 potes
961 614 1101 678 1111111-
1141 658 1144 663 -

110 699 314 780 sperimento
351 697 497 760 miseriae
536 697 576 759 ad
605 697 731 761 laudem
769 697 959 761 clementiae
997 720 1100 782 perue-
1143 760 1146 775 ,

134 782 215 845 nire.
258 781 383 845 iacebat
411 780 467 845 illa
492 781 605 845 ciuitas
633 785 787 844 nontam
811 782 979 845 moenium
1005 783 1099 847 ruinis
1143 864 1146 869 Ι

135 887 231 950 quam
253 865 371 929 uirium
394 865 572 930 defectione
594 868 763 948 prostrata,
788 886 827 928 ex
849 886 912 948 quo
936 887 1008 932 eam
1030 867 1099 930 noni
1144 884 1146 890 ·

138 972 251 1014 census
275 951 473 1014 exanimaret
495 950 664 1015 acerbitas.
688 971 756 1013 nec
777 952 885 1013 tamen
908 951 996 1015 iuste
1017 952 1100 1035 queri
1143 998 1146 1005 ·

135 1038 273 1119 poterat,
296 1057 367 1099 cum
391 1038 423 1098 et
444 1056 546 1119 agros,
570 1033 624 1118 qui
643 1035 787 1117 discripti
811 1034 950 1118 fuerant,
973 1035 1099 1100 habere·
1141 1038 1146 1043 '

97 1140 122 1179 10
136 1141 207 1183 mus
230 1123 262 1182 et
277 1120 440 1184 Gallicani
455 1140 568 1183 census
585 1119 746 1183 communi
761 1118 899 1183 formula
913 1123 1099 1198 teneremur,

136 1203 190 1285 qui
211 1202 351 1266 fortunis
378 1204 500 1266 nemini
522 1224 692 1287 possumus
719 1204 859 1286 aequari.
905 1225 969 1289 quo
993 1205 1099 1289 magis,

134 1288 325 1369 imperator,
356 1287 543 1351 clementiae
566 1291 641 1352 tuae
663 1288 785 1372 gratias
808 1288 951 1371 agimus,
983 1289 1038 1372 qui
1058 1310 1099 1352 re
1139 1330 1143 1339 ·

134 1371 248 1434 mediis
271 1373 384 1453 sponte
407 1372 568 1436 concessis
590 1372 696 1436 fecisti
717 1375 764 1456 ut,
787 1371 873 1455 qnod
894 1393 963 1436 non
982 1376 1101 1457 potera-

135 1476 206 1519 mus
229 1455 297 1520 iure
320 1459 446 1539 petere,
469 1457 552 1519 iuste
575 1457 752 1521 obtinuisse
773 1457 949 1520 uideamur.

96 1556 122 1598 15
199 1538 256 1604 VI.
290 1539 454 1606 Habemus
477 1541 572 1623 enim,
596 1544 632 1605 ut
654 1541 728 1624 dixi,
751 1544 784 1604 et
805 1540 973 1605 hominum
996 1563 1100 1606 nume·

134 1646 216 1708 rum,
239 1626 293 1708 qui
308 1625 405 1690 delati
421 1629 506 1709 sunt,
531 1629 729 1709 stagnorum
749 1625 887 1707 modum,
910 1625 967 1689 sed
986 1629 1100 1690 utrum·

135 1730 196 1791 que
230 1731 369 1793 nequam
395 1711 561 1774 hominum
595 1709 734 1794 segnitia
761 1713 927 1791 terraeque
956 1710 1100 1792 perfidia.

134 1793 219 1857 unde
249 1795 335 1858 enim
361 1796 456 1859 nobis
478 1794 598 1858 Remus
628 1797 684 1857 aut
705 1792 843 1858 Neruius
871 1797 927 1857 aut
953 1793 1026 1878 ipse
1051 1794 1102 1858 ille

135 1876 173 1938 (11
201 1879 346 1958 proximo
375 1879 574 1942 Tricassinus
602 1900 679 1962 ager
707 1881 764 1941 aut
791 1877 926 1942 arator?
969 1899 1102 1962 qnorum

96 1959 255 2022 acreditus
285 1982 357 2024 cum
379 1962 487 2025 labore
516 1963 724 2027 contendunt.
770 1983 962 2046 quamquam
988 1964 1103 2029 merito

135 2041 238 2125 quiuis
260 2043 408 2127 ignoscat
429 2045 508 2127 ipsis
533 2045 722 2129 cultoribus,
745 2068 823 2130 quos
845 2047 936 2131 piget
957 2047 1105 2112 laborare

135 2127 204 2190 sine
226 2128 344 2191 fructu.
380 2128 536 2212 siquidem
558 2151 635 2214 ager
657 2131 712 2213 qui
733 2153 909 2215 numquam
930 2132 1109 2215 respondet

133 2211 304 2295 impendiis
346 2235 384 2276 ex
420 2214 610 2278 necessitate
647 2215 817 2298 deseritur,
861 2216 958 2279 etiam
995 2217 1108 2301 inopia

134 2299 378 2381 rusticanorum,
401 2298 516 2382 quibus
535 2299 570 2363 in
587 2320 660 2363 1111
675 2300 781 2364 alieno
795 2299 1027 2366 uacillantibus
1048 2322 1107 2366 nec

96 2399 233 2465 15111111
256 2385 409 2448 deducere
432 2406 493 2448 nec
515 2384 610 2448 siluas
632 2384 723 2448 licuit
745 2384 906 2448 excidere:
943 2385 992 2448 ita
1015 2385 1107 2469 quid·

134 2467 210 2550 quid
232 2469 308 2532 olim
331 2469 437 2533 fuerat
458 2469 635 2533 tolerabilis
658 2469 735 2550 soli,
768 2472 823 2532 aut
845 2472 1036 2552 corruptum
1058 2473 1107 2535 est

134 2551 305 2633 paludibus
328 2557 383 2616 aut
405 2554 549 2617 sentibus
570 2553 769 2636 impeditum.
815 2553 891 2636 quin
914 2551 1015 2617 etiam
1037 2555 1108 2639 ipse

133 2634 188 2695 ille
216 2657 257 2712 pa
304 2657 319 2697 s
348 2637 548 2719 Arebrignus
583 2639 672 2700 inani
699 2637 812 2702 feritur
841 2635 978 2717 inuidia,
1016 2639 1109 2704 cuins

133 2715 245 2778 infimo
258 2657 336 2780 Ideo
358 2718 473 2780 uitium
497 2719 621 2782 cultura
638 2722 810 2806 praecipua
832 2725 895 2786 est:
918 2742 997 2785 nam
1020 2726 1109 2788 retro

136 2853 322 2862 ----.—-——

203 2921 218 2969 5
236 2920 362 2971 miseriae
376 2923 479 2972 Liuia„-
497 2922 699 2976 misericordiae
712 2928 740 2974 n
756 2925 759 2989 Ι
775 2923 821 2992 ad]
839 2922 952 2991 1111116
969 2929 1109 2978 moenium

133 2990 219 3039 ruinis
229 2989 275 3038 Fr.
288 2989 406 3041 Medius:
419 2991 531 3041 minium
544 2988 675 3056 (menium
685 2993 771 3056 Bert.)
784 2995 904 3044 romanis
917 2992 1007 3058 (riuis
1018 2996 1108 3057 Bert.)

132 3057 160 3104 II
173 3055 211 3123 118
224 3056 451 3123 1111111111ΔΙΙ
464 3061 479 3109 9
493 3058 627 3125 descripti
638 3063 674 3121 Μ,
686 3064 794 3112 correxi
805 3059 815 3126 ΙΙ
829 3064 858 3111 11
874 3058 931 3126 qni]
946 3064 1033 3112 malim
1045 3065 1109 3129 quis

135 3122 138 3189 1
159 3126 270 3190 aequari
304 3127 455 3191 comparari
466 3126 541 3177 Bert.
561 3125 611 3192 120
629 3127 857 3194 11111111111121
878 3129 969 3192 quiuis
987 3143 1028 3179 w:
1047 3132 1108 3195 qui-

132 3196 177 3244 uis
195 3195 219 3245 si
231 3195 259 3241 n
294 3195 325 3242 22
344 3194 544 3258 respondentA
561 3194 611 3259 125
629 3195 695 3259 quid
713 3195 862 3262 (1111ΔΙΙ27
879 3196 1108 3262 impedimentum

133 3273 217 3322 quam
236 3262 320 3311 etiam
331 3262 354 3310 A
367 3259 377 3325 ΙΙ
389 3263 422 3310 28
440 3263 610 3327 Areprignns
621 3265 654 3311 W
673 3263 852 3329 arebignusc
870 3265 951 3316 om.B
967 3264 972 3328 Ι
987 3266 1072 3316 inani
1083 3267 1109 3315 A

135 3328 138 3387 1
163 3329 261 3378 feritur
279 3329 419 3378 Celtarum.-
439 3329 571 3379 ferturus
589 3328 594 3392 1
613 3346 696 3380 manu
714 3333 815 3381 seritur
832 3331 927 3381 inuida
945 3334 1006 3382 edd.
1029 3334 1108 3384 inani

132 3407 182 3443 ser.
202 3395 338 3446 industria
358 3396 566 3461 Eyssenhardtue
592 3396 602 3461 ΙΙ
632 3400 664 3448 29
681 3397 774 3449 infimo
792 3399 853 3450 1010
870 3400 981 3463 scripsi:
999 3401 1032 3449 in
1050 3416 1108 3451 uno

132 3457 194 3509 Ioco
212 3461 235 3508 A
252 3462 326 3512 Bert.
345 3464 375 3512 in
393 3463 453 3513 Ioco
471 3465 492 3512 B
510 3466 526 3514 (1
544 3466 567 3512 V
584 3467 616 3514 W
634 3467 663 3515 in
680 3466 734 3516 imo
752 3466 814 3516 Ioco
832 3468 966 3517 Lialneiue
989 3466 994 3531 Ι
1023 3482 1109 3533 prae·

132 3526 213 3590 cipue
231 3531 338 3592 scripsi:
356 3530 504 3594 perspicua
519 3534 547 3581 Η
564 3533 717 3598 perexigua
735 3535 869 3585 Acidaliae
