<?xml version="1.0" encoding="UTF-8"?>
<!DOCTYPE html PUBLIC "-//W3C//DTD XHTML 1.0 Transitional//EN"
    "http://www.w3.org/TR/xhtml1/DTD/xhtml1-transitional.dtd">
<html xmlns="http://www.w3.org/1999/xhtml" xml:lang="en" lang="en">
 <head>
  <title>
</title>
<meta http-equiv="Content-Type" content="text/html;charset=utf-8" />
  <meta name='ocr-system' content='tesseract 3.04.00' />
  <meta name='ocr-capabilities' content='ocr_page ocr_carea ocr_par ocr_line ocrx_word'/>
</head>
<body>
  <div class='ocr_page' id='page_1' title='image "./xiipanegyricila01baehgoog_0201.png"; bbox 0 0 2406 4012; ppageno 0'>
   <div class='ocr_carea' id='block_1_1' title="bbox 134 148 783 215">
    <p class='ocr_par' dir='ltr' id='par_1_1' title="bbox 134 148 783 215">
     <span class='ocr_line' id='line_1_1' title="bbox 134 148 783 215; baseline -0.005 -10"><span class='ocrx_word' id='word_1_1' title='bbox 134 150 195 215; x_wconf 88' lang='grc'>168</span> <span class='ocrx_word' id='word_1_2' title='bbox 447 151 509 202; x_wconf 87' lang='lat' dir='ltr'>Vll.</span> <span class='ocrx_word' id='word_1_3' title='bbox 534 149 685 201; x_wconf 81' lang='lat' dir='ltr'>INCERTI</span> <span class='ocrx_word' id='word_1_4' title='bbox 702 148 783 202; x_wconf 77' lang='lat' dir='ltr'>Pan.</span> 
     </span>
    </p>
   </div>
   <div class='ocr_carea' id='block_1_2' title="bbox 96 298 1111 2753">
    <p class='ocr_par' dir='ltr' id='par_1_2' title="bbox 96 298 1111 2753">
     <span class='ocr_line' id='line_1_2' title="bbox 131 298 1109 384; baseline -0.001 -18"><span class='ocrx_word' id='word_1_5' title='bbox 131 300 272 366; x_wconf 84' lang='lat' dir='ltr'>Romani</span> <span class='ocrx_word' id='word_1_6' title='bbox 293 300 419 384; x_wconf 91' lang='lat' dir='ltr'>imperii</span> <span class='ocrx_word' id='word_1_7' title='bbox 433 299 584 364; x_wconf 89' lang='lat' dir='ltr'>fiduciam</span> <span class='ocrx_word' id='word_1_8' title='bbox 606 320 688 383; x_wconf 86' lang='lat' dir='ltr'>quae</span> <span class='ocrx_word' id='word_1_9' title='bbox 710 298 869 383; x_wconf 83' lang='lat' dir='ltr'>deceptis</span> <span class='ocrx_word' id='word_1_10' title='bbox 888 298 1039 365; x_wconf 88' lang='lat' dir='ltr'>hostium</span> <span class='ocrx_word' id='word_1_11' title='bbox 1053 300 1109 365; x_wconf 92' lang='lat' dir='ltr'>du·</span> 
     </span>
     <span class='ocr_line' id='line_1_3' title="bbox 134 383 1110 483; baseline 0 -32"><span class='ocrx_word' id='word_1_12' title='bbox 134 386 223 452; x_wconf 89' lang='lat' dir='ltr'>cibus</span> <span class='ocrx_word' id='word_1_13' title='bbox 245 385 424 450; x_wconf 89' lang='lat' dir='ltr'>uindictam</span> <span class='ocrx_word' id='word_1_14' title='bbox 445 387 547 482; x_wconf 86' lang='lat' dir='ltr'>morte</span> <span class='ocrx_word' id='word_1_15' title='bbox 570 383 724 448; x_wconf 88' lang='lat' dir='ltr'>sumebat.</span> <span class='ocrx_word' id='word_1_16' title='bbox 770 386 851 448; x_wconf 89' lang='lat' dir='ltr'>tuno</span> <span class='ocrx_word' id='word_1_17' title='bbox 866 384 961 482; x_wconf 40' lang='lat' dir='ltr'>,enim</span> <span class='ocrx_word' id='word_1_18' title='bbox 982 385 1110 483; x_wconf 78' lang='lat' dir='ltr'>captiui</span> 
     </span>
     <span class='ocr_line' id='line_1_4' title="bbox 132 468 1110 651; baseline -0.001 -31"><span class='ocrx_word' id='word_1_19' title='bbox 132 468 1110 651; x_wconf 64' lang='lat' dir='ltr'>{aaraur‚urrurrrraurrer</span> 
     </span>
     <span class='ocr_line' id='line_1_5' title="bbox 106 638 1110 722; baseline 0.006 -23"><span class='ocrx_word' id='word_1_20' title='bbox 106 658 203 705; x_wconf 80' lang='lat' dir='ltr'>arum</span> <span class='ocrx_word' id='word_1_21' title='bbox 218 639 347 703; x_wconf 86' lang='lat' dir='ltr'>flectere</span> <span class='ocrx_word' id='word_1_22' title='bbox 370 641 518 722; x_wconf 88' lang='lat' dir='ltr'>coeperat</span> <span class='ocrx_word' id='word_1_23' title='bbox 531 641 717 722; x_wconf 87' lang='lat' dir='ltr'>rmperator,</span> <span class='ocrx_word' id='word_1_24' title='bbox 741 638 866 722; x_wconf 79' lang='lat' dir='ltr'>abrepti</span> <span class='ocrx_word' id='word_1_25' title='bbox 886 661 922 702; x_wconf 87' lang='lat' dir='ltr'>rn</span> <span class='ocrx_word' id='word_1_26' title='bbox 942 659 1110 705; x_wconf 89' lang='lat' dir='ltr'>carcerem</span> 
     </span>
     <span class='ocr_line' id='line_1_6' title="bbox 134 721 1108 807; baseline -0.002 -18"><span class='ocrx_word' id='word_1_27' title='bbox 134 723 342 789; x_wconf 72' lang='lat' dir='ltr'>necabantur.</span> <span class='ocrx_word' id='word_1_28' title='bbox 386 744 469 787; x_wconf 87' lang='lat' dir='ltr'>unus</span> <span class='ocrx_word' id='word_1_29' title='bbox 490 722 603 787; x_wconf 90' lang='lat' dir='ltr'>Perses</span> <span class='ocrx_word' id='word_1_30' title='bbox 628 723 700 806; x_wconf 89' lang='lat' dir='ltr'>ipso</span> <span class='ocrx_word' id='word_1_31' title='bbox 722 721 822 787; x_wconf 90' lang='lat' dir='ltr'>Paulo</span> <span class='ocrx_word' id='word_1_32' title='bbox 849 723 905 807; x_wconf 90' lang='lat' dir='ltr'>qni</span> <span class='ocrx_word' id='word_1_33' title='bbox 933 722 1108 789; x_wconf 78' lang='lat' dir='ltr'>dedentem</span> 
     </span>
     <span class='ocr_line' id='line_1_7' title="bbox 134 806 1108 892; baseline 0.001 -20"><span class='ocrx_word' id='word_1_34' title='bbox 134 829 168 872; x_wconf 91' lang='lat' dir='ltr'>se</span> <span class='ocrx_word' id='word_1_35' title='bbox 190 810 356 891; x_wconf 88' lang='lat' dir='ltr'>acceperat</span> <span class='ocrx_word' id='word_1_36' title='bbox 375 806 568 892; x_wconf 89' lang='lat' dir='ltr'>deprecante</span> <span class='ocrx_word' id='word_1_37' title='bbox 590 808 620 871; x_wconf 90' lang='lat' dir='ltr'>le</span> <span class='ocrx_word' id='word_1_38' title='bbox 646 829 695 872; x_wconf 90' lang='lat' dir='ltr'>em</span> <span class='ocrx_word' id='word_1_39' title='bbox 719 806 804 871; x_wconf 92' lang='lat' dir='ltr'>illius</span> <span class='ocrx_word' id='word_1_40' title='bbox 827 807 1013 873; x_wconf 83' lang='lat' dir='ltr'>seueritatis</span> <span class='ocrx_word' id='word_1_41' title='bbox 1036 830 1108 873; x_wconf 87' lang='lat' dir='ltr'>eua-</span> 
     </span>
     <span class='ocr_line' id='line_1_8' title="bbox 134 829 1108 979; baseline 0.002 -23"><span class='ocrx_word' id='word_1_42' title='bbox 134 893 184 957; x_wconf 88' lang='lat' dir='ltr'>sit</span> <span class='ocrx_word' id='word_1_43' title='bbox 222 892 319 957; x_wconf 87' lang='lat' dir='ltr'>ceteri</span> <span class='ocrx_word' id='word_1_44' title='bbox 342 913 454 957; x_wconf 89' lang='lat' dir='ltr'>omnes</span> <span class='ocrx_word' id='word_1_45' title='bbox 475 893 511 956; x_wconf 96' lang='lat' dir='ltr'>in</span> <span class='ocrx_word' id='word_1_46' title='bbox 532 829 669 957; x_wconf 67' lang='lat' dir='ltr'>uinculis</span> <span class='ocrx_word' id='word_1_47' title='bbox 691 891 761 956; x_wconf 88' lang='lat' dir='ltr'>luce</span> <span class='ocrx_word' id='word_1_48' title='bbox 783 892 901 975; x_wconf 85' lang='lat' dir='ltr'>priuati</span> <span class='ocrx_word' id='word_1_49' title='bbox 924 892 1000 957; x_wconf 85' lang='lat' dir='ltr'>aliis</span> <span class='ocrx_word' id='word_1_50' title='bbox 1023 893 1108 979; x_wconf 81' lang='lat' dir='ltr'>regi·</span> 
     </span>
     <span class='ocr_line' id='line_1_9' title="bbox 133 975 1108 1043; baseline 0.003 -3"><span class='ocrx_word' id='word_1_51' title='bbox 133 977 193 1041; x_wconf 90' lang='lat' dir='ltr'>bus</span> <span class='ocrx_word' id='word_1_52' title='bbox 211 978 325 1042; x_wconf 83' lang='lat' dir='ltr'>dedere</span> <span class='ocrx_word' id='word_1_53' title='bbox 343 977 570 1042; x_wconf 87' lang='lat' dir='ltr'>documentum</span> <span class='ocrx_word' id='word_1_54' title='bbox 591 982 628 1040; x_wconf 90' lang='lat' dir='ltr'>ut</span> <span class='ocrx_word' id='word_1_55' title='bbox 649 975 784 1041; x_wconf 81' lang='lat' dir='ltr'>mallent</span> <span class='ocrx_word' id='word_1_56' title='bbox 798 976 975 1041; x_wconf 88' lang='lat' dir='ltr'>amicitiam</span> <span class='ocrx_word' id='word_1_57' title='bbox 999 978 1108 1043; x_wconf 87' lang='lat' dir='ltr'>colere</span> 
     </span>
     <span class='ocr_line' id='line_1_10' title="bbox 96 1060 1109 1146; baseline 0.008 -26"><span class='ocrx_word' id='word_1_58' title='bbox 96 1081 122 1121; x_wconf 88' lang='lat'>10</span> <span class='ocrx_word' id='word_1_59' title='bbox 134 1061 315 1126; x_wconf 87' lang='lat' dir='ltr'>Romanam</span> <span class='ocrx_word' id='word_1_60' title='bbox 338 1083 433 1146; x_wconf 85' lang='lat' dir='ltr'>quarn</span> <span class='ocrx_word' id='word_1_61' title='bbox 460 1082 645 1145; x_wconf 80' lang='lat' dir='ltr'>exasperare</span> <span class='ocrx_word' id='word_1_62' title='bbox 666 1061 839 1126; x_wconf 85' lang='lat' dir='ltr'>tristitiam.</span> <span class='ocrx_word' id='word_1_63' title='bbox 884 1060 965 1126; x_wconf 90' lang='lat' dir='ltr'>adeo</span> <span class='ocrx_word' id='word_1_64' title='bbox 988 1066 1025 1127; x_wconf 90' lang='lat' dir='ltr'>et</span> <span class='ocrx_word' id='word_1_65' title='bbox 1044 1061 1109 1128; x_wconf 91' lang='lat' dir='ltr'>hoc</span> 
     </span>
     <span class='ocr_line' id='line_1_11' title="bbox 134 1146 1109 1230; baseline 0.004 -20"><span class='ocrx_word' id='word_1_66' title='bbox 134 1147 211 1211; x_wconf 91' lang='lat' dir='ltr'>boni</span> <span class='ocrx_word' id='word_1_67' title='bbox 240 1146 365 1210; x_wconf 76' lang='lat' dir='ltr'>confert</span> <span class='ocrx_word' id='word_1_68' title='bbox 386 1167 489 1230; x_wconf 84' lang='lat' dir='ltr'>poena</span> <span class='ocrx_word' id='word_1_69' title='bbox 516 1146 661 1211; x_wconf 79' lang='lat' dir='ltr'>hostibus</span> <span class='ocrx_word' id='word_1_70' title='bbox 684 1147 827 1230; x_wconf 83' lang='lat' dir='ltr'>irrogata</span> <span class='ocrx_word' id='word_1_71' title='bbox 852 1148 978 1211; x_wconf 91' lang='lat' dir='ltr'>utnon</span> <span class='ocrx_word' id='word_1_72' title='bbox 1001 1147 1109 1213; x_wconf 89' lang='lat' dir='ltr'>solum</span> 
     </span>
     <span class='ocr_line' id='line_1_12' title="bbox 134 1229 1109 1314; baseline 0.004 -20"><span class='ocrx_word' id='word_1_73' title='bbox 134 1230 257 1294; x_wconf 88' lang='lat' dir='ltr'>inimici</span> <span class='ocrx_word' id='word_1_74' title='bbox 278 1230 413 1294; x_wconf 89' lang='lat' dir='ltr'>ferocire</span> <span class='ocrx_word' id='word_1_75' title='bbox 441 1251 506 1293; x_wconf 94' lang='lat' dir='ltr'>non</span> <span class='ocrx_word' id='word_1_76' title='bbox 534 1232 690 1314; x_wconf 84' lang='lat' dir='ltr'>audeant,</span> <span class='ocrx_word' id='word_1_77' title='bbox 720 1229 895 1295; x_wconf 86' lang='lat' dir='ltr'>sedetiam</span> <span class='ocrx_word' id='word_1_78' title='bbox 924 1231 1023 1296; x_wconf 88' lang='lat' dir='ltr'>amici</span> <span class='ocrx_word' id='word_1_79' title='bbox 1049 1232 1109 1298; x_wconf 86' lang='lat' dir='ltr'>irn-</span> 
     </span>
     <span class='ocr_line' id='line_1_13' title="bbox 134 1314 503 1398; baseline -0.003 -20"><span class='ocrx_word' id='word_1_80' title='bbox 134 1314 265 1398; x_wconf 89' lang='lat' dir='ltr'>pensius</span> <span class='ocrx_word' id='word_1_81' title='bbox 286 1316 503 1378; x_wconf 89' lang='lat' dir='ltr'>renereantur.</span> 
     </span>
     <span class='ocr_line' id='line_1_14' title="bbox 198 1397 1110 1485; baseline 0.005 -23"><span class='ocrx_word' id='word_1_82' title='bbox 198 1397 255 1462; x_wconf 91' lang='lat' dir='ltr'>XI.</span> <span class='ocrx_word' id='word_1_83' title='bbox 307 1398 387 1463; x_wconf 89' lang='lat' dir='ltr'>Inde</span> <span class='ocrx_word' id='word_1_84' title='bbox 413 1399 515 1484; x_wconf 87' lang='lat' dir='ltr'>igitur</span> <span class='ocrx_word' id='word_1_85' title='bbox 543 1403 606 1482; x_wconf 91' lang='lat' dir='ltr'>est,</span> <span class='ocrx_word' id='word_1_86' title='bbox 637 1399 682 1463; x_wconf 91' lang='lat' dir='ltr'>im</span> <span class='ocrx_word' id='word_1_87' title='bbox 706 1403 826 1482; x_wconf 84' lang='lat' dir='ltr'>arator,</span> <span class='ocrx_word' id='word_1_88' title='bbox 856 1420 921 1483; x_wconf 84' lang='lat' dir='ltr'>pax</span> <span class='ocrx_word' id='word_1_89' title='bbox 948 1400 1016 1465; x_wconf 90' lang='lat' dir='ltr'>ista</span> <span class='ocrx_word' id='word_1_90' title='bbox 1045 1422 1110 1485; x_wconf 80' lang='lat' dir='ltr'>qua</span> 
     </span>
     <span class='ocr_line' id='line_1_15' title="bbox 96 1481 1109 1569; baseline 0.007 -26"><span class='ocrx_word' id='word_1_91' title='bbox 96 1481 280 1547; x_wconf 82' lang='lat' dir='ltr'>rsfruimur.</span> <span class='ocrx_word' id='word_1_92' title='bbox 330 1505 433 1567; x_wconf 85' lang='lat' dir='ltr'>neque</span> <span class='ocrx_word' id='word_1_93' title='bbox 467 1484 552 1547; x_wconf 88' lang='lat' dir='ltr'>enirn</span> <span class='ocrx_word' id='word_1_94' title='bbox 586 1485 651 1548; x_wconf 91' lang='lat' dir='ltr'>iam</span> <span class='ocrx_word' id='word_1_95' title='bbox 731 1484 784 1548; x_wconf 88' lang='lat' dir='ltr'>eni</span> <span class='ocrx_word' id='word_1_96' title='bbox 816 1483 1016 1569; x_wconf 79' lang='lat' dir='ltr'>gurgitibus,</span> <span class='ocrx_word' id='word_1_97' title='bbox 1052 1486 1109 1550; x_wconf 88' lang='lat' dir='ltr'>sed</span> 
     </span>
     <span class='ocr_line' id='line_1_16' title="bbox 134 1568 1111 1652; baseline 0.003 -20"><span class='ocrx_word' id='word_1_98' title='bbox 134 1569 275 1633; x_wconf 89' lang='lat' dir='ltr'>nominis</span> <span class='ocrx_word' id='word_1_99' title='bbox 302 1569 351 1632; x_wconf 90' lang='lat' dir='ltr'>tui</span> <span class='ocrx_word' id='word_1_100' title='bbox 378 1574 501 1633; x_wconf 87' lang='lat' dir='ltr'>terrore</span> <span class='ocrx_word' id='word_1_101' title='bbox 533 1569 704 1633; x_wconf 88' lang='lat' dir='ltr'>munimur.</span> <span class='ocrx_word' id='word_1_102' title='bbox 756 1569 932 1652; x_wconf 87' lang='lat' dir='ltr'>quamlibet</span> <span class='ocrx_word' id='word_1_103' title='bbox 959 1568 1017 1634; x_wconf 89' lang='lat' dir='ltr'>ille</span> <span class='ocrx_word' id='word_1_104' title='bbox 1051 1574 1111 1635; x_wconf 88' lang='lat' dir='ltr'>ant</span> 
     </span>
     <span class='ocr_line' id='line_1_17' title="bbox 136 1652 1111 1738; baseline 0.002 -21"><span class='ocrx_word' id='word_1_105' title='bbox 136 1656 260 1719; x_wconf 88' lang='lat' dir='ltr'>arescat</span> <span class='ocrx_word' id='word_1_106' title='bbox 281 1657 372 1718; x_wconf 84' lang='lat' dir='ltr'>aestu</span> <span class='ocrx_word' id='word_1_107' title='bbox 394 1656 449 1718; x_wconf 90' lang='lat' dir='ltr'>aut</span> <span class='ocrx_word' id='word_1_108' title='bbox 469 1653 599 1717; x_wconf 83' lang='lat' dir='ltr'>resistat</span> <span class='ocrx_word' id='word_1_109' title='bbox 616 1654 701 1738; x_wconf 87' lang='lat' dir='ltr'>gelu,</span> <span class='ocrx_word' id='word_1_110' title='bbox 725 1656 839 1717; x_wconf 88' lang='lat' dir='ltr'>neutro</span> <span class='ocrx_word' id='word_1_111' title='bbox 855 1652 957 1718; x_wconf 89' lang='lat' dir='ltr'>hostis</span> <span class='ocrx_word' id='word_1_112' title='bbox 975 1654 1111 1721; x_wconf 87' lang='lat' dir='ltr'>audebit</span> 
     </span>
     <span class='ocr_line' id='line_1_18' title="bbox 135 1737 1110 1821; baseline 0.001 -19"><span class='ocrx_word' id='word_1_113' title='bbox 135 1739 184 1802; x_wconf 90' lang='lat' dir='ltr'>uti</span> <span class='ocrx_word' id='word_1_114' title='bbox 205 1739 297 1804; x_wconf 89' lang='lat' dir='ltr'>uado.</span> <span class='ocrx_word' id='word_1_115' title='bbox 342 1737 426 1803; x_wconf 89' lang='lat' dir='ltr'>nihil</span> <span class='ocrx_word' id='word_1_116' title='bbox 448 1739 534 1803; x_wconf 89' lang='lat' dir='ltr'>enim</span> <span class='ocrx_word' id='word_1_117' title='bbox 555 1740 623 1802; x_wconf 90' lang='lat' dir='ltr'>tam</span> <span class='ocrx_word' id='word_1_118' title='bbox 645 1737 852 1821; x_wconf 87' lang='lat' dir='ltr'>insuperabili</span> <span class='ocrx_word' id='word_1_119' title='bbox 878 1738 966 1802; x_wconf 91' lang='lat' dir='ltr'>uallo</span> <span class='ocrx_word' id='word_1_120' title='bbox 987 1741 1110 1805; x_wconf 85' lang='lat' dir='ltr'>natura</span> 
     </span>
     <span class='ocr_line' id='line_1_19' title="bbox 135 1822 1111 1922; baseline 0.002 -35"><span class='ocrx_word' id='word_1_121' title='bbox 135 1823 314 1906; x_wconf 84' lang='lat' dir='ltr'>praecludit</span> <span class='ocrx_word' id='word_1_122' title='bbox 344 1822 427 1906; x_wconf 91' lang='lat' dir='ltr'>quod</span> <span class='ocrx_word' id='word_1_123' title='bbox 461 1845 526 1887; x_wconf 93' lang='lat' dir='ltr'>non</span> <span class='ocrx_word' id='word_1_124' title='bbox 553 1826 701 1907; x_wconf 81' lang='lat' dir='ltr'>penetret</span> <span class='ocrx_word' id='word_1_125' title='bbox 733 1822 878 1905; x_wconf 85' lang='lat' dir='ltr'>audacia,</span> <span class='ocrx_word' id='word_1_126' title='bbox 911 1823 964 1887; x_wconf 89' lang='lat' dir='ltr'>eui</span> <span class='ocrx_word' id='word_1_127' title='bbox 996 1823 1111 1922; x_wconf 84' lang='lat' dir='ltr'>aliqua</span> 
     </span>
     <span class='ocr_line' id='line_1_20' title="bbox 97 1907 1109 1993; baseline 0.005 -25"><span class='ocrx_word' id='word_1_128' title='bbox 97 1925 123 1964; x_wconf 80' lang='lat' dir='ltr'>ao</span> <span class='ocrx_word' id='word_1_129' title='bbox 136 1907 273 1969; x_wconf 89' lang='lat' dir='ltr'>conandi</span> <span class='ocrx_word' id='word_1_130' title='bbox 306 1928 379 1988; x_wconf 91' lang='lat' dir='ltr'>spes</span> <span class='ocrx_word' id='word_1_131' title='bbox 413 1907 623 1989; x_wconf 72' lang='lat' dir='ltr'>relinquatur,</span> <span class='ocrx_word' id='word_1_132' title='bbox 673 1907 728 1971; x_wconf 90' lang='lat' dir='ltr'>ille</span> <span class='ocrx_word' id='word_1_133' title='bbox 762 1910 810 1972; x_wconf 88' lang='lat' dir='ltr'>est</span> <span class='ocrx_word' id='word_1_134' title='bbox 841 1907 1109 1993; x_wconf 80' lang='lat' dir='ltr'>inexpugnabilis</span> 
     </span>
     <span class='ocr_line' id='line_1_21' title="bbox 136 1991 1109 2076; baseline 0.006 -23"><span class='ocrx_word' id='word_1_135' title='bbox 136 2010 244 2053; x_wconf 89' lang='lat' dir='ltr'>murus</span> <span class='ocrx_word' id='word_1_136' title='bbox 272 2009 367 2072; x_wconf 91' lang='lat' dir='ltr'>quem</span> <span class='ocrx_word' id='word_1_137' title='bbox 395 1991 513 2054; x_wconf 86' lang='lat' dir='ltr'>extruit</span> <span class='ocrx_word' id='word_1_138' title='bbox 533 1991 620 2055; x_wconf 82' lang='lat' dir='ltr'>fama</span> <span class='ocrx_word' id='word_1_139' title='bbox 647 1992 785 2056; x_wconf 88' lang='lat' dir='ltr'>uirtutis.</span> <span class='ocrx_word' id='word_1_140' title='bbox 830 1991 936 2057; x_wconf 83' lang='lat' dir='ltr'>sciunt</span> <span class='ocrx_word' id='word_1_141' title='bbox 958 2014 1055 2076; x_wconf 82' lang='lat' dir='ltr'>pesse</span> <span class='ocrx_word' id='word_1_142' title='bbox 1075 2013 1109 2059; x_wconf 81' lang='lat' dir='ltr'>se</span> 
     </span>
     <span class='ocr_line' id='line_1_22' title="bbox 135 2073 1108 2158; baseline 0.003 -19"><span class='ocrx_word' id='word_1_143' title='bbox 135 2073 252 2139; x_wconf 84' lang='lat' dir='ltr'>Franci</span> <span class='ocrx_word' id='word_1_144' title='bbox 280 2073 418 2137; x_wconf 87' lang='lat' dir='ltr'>transire</span> <span class='ocrx_word' id='word_1_145' title='bbox 440 2073 606 2158; x_wconf 84' lang='lat' dir='ltr'>Rhenum,</span> <span class='ocrx_word' id='word_1_146' title='bbox 636 2097 715 2158; x_wconf 91' lang='lat' dir='ltr'>quos</span> <span class='ocrx_word' id='word_1_147' title='bbox 743 2076 783 2141; x_wconf 90' lang='lat' dir='ltr'>ad</span> <span class='ocrx_word' id='word_1_148' title='bbox 811 2097 922 2141; x_wconf 89' lang='lat' dir='ltr'>necem</span> <span class='ocrx_word' id='word_1_149' title='bbox 951 2098 1043 2142; x_wconf 87' lang='lat' dir='ltr'>snam</span> <span class='ocrx_word' id='word_1_150' title='bbox 1070 2078 1108 2142; x_wconf 91' lang='lat' dir='ltr'>li-</span> 
     </span>
     <span class='ocr_line' id='line_1_23' title="bbox 135 2158 1109 2257; baseline 0.006 -36"><span class='ocrx_word' id='word_1_151' title='bbox 135 2158 249 2222; x_wconf 90' lang='lat' dir='ltr'>benter</span> <span class='ocrx_word' id='word_1_152' title='bbox 272 2158 453 2257; x_wconf 62' lang='lat' dir='ltr'>admittas,</span> <span class='ocrx_word' id='word_1_153' title='bbox 469 2158 525 2256; x_wconf 84' lang='lat' dir='ltr'>sed</span> <span class='ocrx_word' id='word_1_154' title='bbox 545 2180 606 2223; x_wconf 89' lang='lat' dir='ltr'>nee</span> <span class='ocrx_word' id='word_1_155' title='bbox 628 2159 795 2224; x_wconf 88' lang='lat' dir='ltr'>uictoriam</span> <span class='ocrx_word' id='word_1_156' title='bbox 818 2164 953 2244; x_wconf 86' lang='lat' dir='ltr'>possunt</span> <span class='ocrx_word' id='word_1_157' title='bbox 975 2184 1109 2246; x_wconf 87' lang='lat' dir='ltr'>sperare</span> 
     </span>
     <span class='ocr_line' id='line_1_24' title="bbox 97 2243 1108 2426; baseline 0.003 -32"><span class='ocrx_word' id='word_1_158' title='bbox 97 2342 122 2385; x_wconf 66' lang='lat'>2⁵</span> <span class='ocrx_word' id='word_1_159' title='bbox 135 2243 819 2426; x_wconf 57' lang='lat' dir='ltr'>{tetta,ldttttltthb</span> <span class='ocrx_word' id='word_1_160' title='bbox 834 2266 1108 2397; x_wconf 60' lang='lat' dir='ltr'>{tttuth‘lt</span> 
     </span>
     <span class='ocr_line' id='line_1_25' title="bbox 136 2414 1108 2564; baseline 0.002 -86"><span class='ocrx_word' id='word_1_161' title='bbox 136 2414 222 2479; x_wconf 91' lang='lat' dir='ltr'>illius</span> <span class='ocrx_word' id='word_1_162' title='bbox 250 2415 422 2480; x_wconf 84' lang='lat' dir='ltr'>transitum</span> <span class='ocrx_word' id='word_1_163' title='bbox 449 2414 638 2497; x_wconf 87' lang='lat' dir='ltr'>moliantur,</span> <span class='ocrx_word' id='word_1_164' title='bbox 671 2434 776 2499; x_wconf 81' lang='lat' dir='ltr'>magis</span> <span class='ocrx_word' id='word_1_165' title='bbox 802 2417 839 2477; x_wconf 92' lang='lat' dir='ltr'>ut</span> <span class='ocrx_word' id='word_1_166' title='bbox 866 2417 979 2564; x_wconf 74' lang='lat' dir='ltr'>coepto</span> <span class='ocrx_word' id='word_1_167' title='bbox 1004 2419 1108 2500; x_wconf 90' lang='lat' dir='ltr'>ponte</span> 
     </span>
     <span class='ocr_line' id='line_1_26' title="bbox 136 2497 1109 2586; baseline 0.002 -23"><span class='ocrx_word' id='word_1_168' title='bbox 136 2498 316 2584; x_wconf 89' lang='lat' dir='ltr'>desperent.</span> <span class='ocrx_word' id='word_1_169' title='bbox 360 2500 416 2565; x_wconf 91' lang='lat' dir='ltr'>ubi</span> <span class='ocrx_word' id='word_1_170' title='bbox 443 2521 532 2564; x_wconf 89' lang='lat' dir='ltr'>nunc</span> <span class='ocrx_word' id='word_1_171' title='bbox 560 2503 610 2564; x_wconf 91' lang='lat' dir='ltr'>est</span> <span class='ocrx_word' id='word_1_172' title='bbox 634 2497 691 2563; x_wconf 89' lang='lat' dir='ltr'>illa</span> <span class='ocrx_word' id='word_1_173' title='bbox 714 2498 859 2563; x_wconf 80' lang='lat' dir='ltr'>ferocia?</span> <span class='ocrx_word' id='word_1_174' title='bbox 902 2522 923 2563; x_wconf 91' lang='lat' dir='ltr'>u</span> <span class='ocrx_word' id='word_1_175' title='bbox 946 2499 958 2562; x_wconf 95' lang='lat' dir='ltr'>i</span> <span class='ocrx_word' id='word_1_176' title='bbox 980 2521 1109 2586; x_wconf 87' lang='lat' dir='ltr'>semper</span> 
     </span>
     <span class='ocr_line' id='line_1_27' title="bbox 135 2583 1107 2667; baseline 0.005 -21"><span class='ocrx_word' id='word_1_177' title='bbox 135 2585 235 2648; x_wconf 89' lang='lat' dir='ltr'>infida</span> <span class='ocrx_word' id='word_1_178' title='bbox 267 2584 453 2648; x_wconf 78' lang='lat' dir='ltr'>mobilitas?</span> <span class='ocrx_word' id='word_1_179' title='bbox 497 2587 562 2648; x_wconf 86' lang='lat' dir='ltr'>iam</span> <span class='ocrx_word' id='word_1_180' title='bbox 590 2605 631 2648; x_wconf 90' lang='lat' dir='ltr'>ne</span> <span class='ocrx_word' id='word_1_181' title='bbox 658 2584 771 2667; x_wconf 88' lang='lat' dir='ltr'>procul</span> <span class='ocrx_word' id='word_1_182' title='bbox 799 2583 928 2667; x_wconf 87' lang='lat' dir='ltr'>quidem</span> <span class='ocrx_word' id='word_1_183' title='bbox 955 2583 1107 2651; x_wconf 85' lang='lat' dir='ltr'>Rhenum</span> 
     </span>
     <span class='ocr_line' id='line_1_28' title="bbox 137 2666 1106 2753; baseline 0.006 -24"><span class='ocrx_word' id='word_1_184' title='bbox 137 2666 260 2731; x_wconf 77' lang='lat' dir='ltr'>audetis</span> <span class='ocrx_word' id='word_1_185' title='bbox 288 2667 430 2730; x_wconf 86' lang='lat' dir='ltr'>accolere</span> <span class='ocrx_word' id='word_1_186' title='bbox 458 2671 490 2730; x_wconf 86' lang='lat' dir='ltr'>et</span> <span class='ocrx_word' id='word_1_187' title='bbox 511 2668 565 2730; x_wconf 81' lang='lat' dir='ltr'>uix</span> <span class='ocrx_word' id='word_1_188' title='bbox 590 2669 693 2732; x_wconf 88' lang='lat' dir='ltr'>securi</span> <span class='ocrx_word' id='word_1_189' title='bbox 714 2668 848 2733; x_wconf 89' lang='lat' dir='ltr'>flumina</span> <span class='ocrx_word' id='word_1_190' title='bbox 873 2668 1031 2735; x_wconf 86' lang='lat' dir='ltr'>interiora</span> <span class='ocrx_word' id='word_1_191' title='bbox 1052 2691 1106 2753; x_wconf 91' lang='lat' dir='ltr'>po·</span> 
     </span>
    </p>
   </div>
   <div class='ocr_carea' id='block_1_3' title="bbox 99 2749 1107 2897">
    <p class='ocr_par' dir='ltr' id='par_1_3' title="bbox 99 2749 1107 2897">
     <span class='ocr_line' id='line_1_29' title="bbox 99 2749 1107 2897; baseline 0.012 -90"><span class='ocrx_word' id='word_1_192' title='bbox 99 2749 224 2813; x_wconf 80' lang='lat' dir='ltr'>rotatis.</span> <span class='ocrx_word' id='word_1_193' title='bbox 270 2752 383 2813; x_wconf 86' lang='lat' dir='ltr'>contra</span> <span class='ocrx_word' id='word_1_194' title='bbox 415 2749 492 2813; x_wconf 92' lang='lat' dir='ltr'>hinc</span> <span class='ocrx_word' id='word_1_195' title='bbox 515 2771 582 2897; x_wconf 70' lang='lat' dir='ltr'>¹per</span> <span class='ocrx_word' id='word_1_196' title='bbox 612 2752 783 2817; x_wconf 87' lang='lat' dir='ltr'>interualla</span> <span class='ocrx_word' id='word_1_197' title='bbox 813 2752 969 2836; x_wconf 83' lang='lat' dir='ltr'>disposita</span> <span class='ocrx_word' id='word_1_198' title='bbox 1001 2755 1107 2840; x_wconf 82' lang='lat' dir='ltr'>magis</span> 
     </span>
    </p>
   </div>
   <div class='ocr_carea' id='block_1_4' title="bbox 137 2832 1106 2922">
    <p class='ocr_par' dir='ltr' id='par_1_4' title="bbox 137 2832 1106 2922">
     <span class='ocr_line' id='line_1_30' title="bbox 137 2832 1106 2922; baseline 0.008 -27"><span class='ocrx_word' id='word_1_199' title='bbox 137 2834 255 2896; x_wconf 84' lang='lat' dir='ltr'>emant</span> <span class='ocrx_word' id='word_1_200' title='bbox 270 2832 406 2897; x_wconf 91' lang='lat' dir='ltr'>limitem</span> <span class='ocrx_word' id='word_1_201' title='bbox 429 2836 514 2898; x_wconf 87' lang='lat' dir='ltr'>caste</span> <span class='ocrx_word' id='word_1_202' title='bbox 540 2857 559 2898; x_wconf 88' lang='lat' dir='ltr'>a</span> <span class='ocrx_word' id='word_1_203' title='bbox 580 2856 675 2919; x_wconf 87' lang='lat' dir='ltr'>quam</span> <span class='ocrx_word' id='word_1_204' title='bbox 695 2841 880 2922; x_wconf 86' lang='lat' dir='ltr'>protegunt.</span> <span class='ocrx_word' id='word_1_205' title='bbox 923 2841 995 2902; x_wconf 90' lang='lat' dir='ltr'>arat</span> <span class='ocrx_word' id='word_1_206' title='bbox 1016 2838 1106 2905; x_wconf 87' lang='lat' dir='ltr'>illam</span> 
     </span>
    </p>
   </div>
   <div class='ocr_carea' id='block_1_5' title="bbox 136 3004 1108 3414">
    <p class='ocr_par' dir='ltr' id='par_1_5' title="bbox 136 3004 1108 3414">
     <span class='ocr_line' id='line_1_31' title="bbox 204 3004 1106 3075; baseline 0.007 -22"><span class='ocrx_word' id='word_1_207' title='bbox 204 3004 219 3053; x_wconf 88' lang='grc'><strong>6</strong></span> <span class='ocrx_word' id='word_1_208' title='bbox 237 3005 336 3056; x_wconf 85' lang='lat' dir='ltr'>Perses</span> <span class='ocrx_word' id='word_1_209' title='bbox 347 3007 476 3072; x_wconf 77' lang='lat' dir='ltr'>Lanpr&#39;ue:</span> <span class='ocrx_word' id='word_1_210' title='bbox 494 3023 544 3072; x_wconf 89' lang='lat' dir='ltr'>pro</span> <span class='ocrx_word' id='word_1_211' title='bbox 563 3023 592 3058; x_wconf 90' lang='lat' dir='ltr'>se</span> <span class='ocrx_word' id='word_1_212' title='bbox 609 3009 636 3057; x_wconf 74' lang='lat' dir='ltr'>H</span> <span class='ocrx_word' id='word_1_213' title='bbox 652 3009 656 3073; x_wconf 89' lang='grc' dir='ltr'>Ι</span> <span class='ocrx_word' id='word_1_214' title='bbox 673 3009 720 3073; x_wconf 87' lang='lat' dir='ltr'>qui</span> <span class='ocrx_word' id='word_1_215' title='bbox 737 3008 881 3060; x_wconf 86' lang='lat' dir='ltr'>dedentem</span> <span class='ocrx_word' id='word_1_216' title='bbox 894 3008 970 3060; x_wconf 85' lang='lat' dir='ltr'>Bert.</span> <span class='ocrx_word' id='word_1_217' title='bbox 983 3023 1021 3059; x_wconf 78' lang='lat' dir='ltr'>w:</span> <span class='ocrx_word' id='word_1_218' title='bbox 1041 3009 1106 3075; x_wconf 85' lang='lat' dir='ltr'>quid</span> 
     </span>
     <span class='ocr_line' id='line_1_32' title="bbox 136 3071 1106 3143; baseline 0.005 -21"><span class='ocrx_word' id='word_1_219' title='bbox 136 3072 257 3123; x_wconf 85' lang='lat' dir='ltr'>edentem</span> <span class='ocrx_word' id='word_1_220' title='bbox 275 3075 303 3123; x_wconf 75' lang='lat'>1</span> <span class='ocrx_word' id='word_1_221' title='bbox 326 3071 331 3139; x_wconf 86' lang='grc' dir='ltr'>Ι</span> <span class='ocrx_word' id='word_1_222' title='bbox 363 3076 378 3125; x_wconf 81' lang='grc'>7</span> <span class='ocrx_word' id='word_1_223' title='bbox 397 3089 426 3125; x_wconf 84' lang='lat' dir='ltr'>se</span> <span class='ocrx_word' id='word_1_224' title='bbox 445 3072 516 3142; x_wconf 80' lang='lat' dir='ltr'>aea]</span> <span class='ocrx_word' id='word_1_225' title='bbox 538 3091 644 3142; x_wconf 85' lang='lat' dir='ltr'>suscep.</span> <span class='ocrx_word' id='word_1_226' title='bbox 663 3078 696 3125; x_wconf 84' lang='lat' dir='ltr'><strong>W</strong></span> <span class='ocrx_word' id='word_1_227' title='bbox 720 3075 725 3141; x_wconf 85' lang='grc' dir='ltr'>Ι</span> <span class='ocrx_word' id='word_1_228' title='bbox 748 3077 819 3143; x_wconf 84' lang='lat' dir='ltr'>legia</span> <span class='ocrx_word' id='word_1_229' title='bbox 835 3077 911 3127; x_wconf 87' lang='lat' dir='ltr'>illius</span> <span class='ocrx_word' id='word_1_230' title='bbox 930 3078 1106 3129; x_wconf 85' lang='lat' dir='ltr'>seueritatem</span> 
     </span>
     <span class='ocr_line' id='line_1_33' title="bbox 136 3139 1107 3211; baseline 0.002 -19"><span class='ocrx_word' id='word_1_231' title='bbox 136 3141 320 3193; x_wconf 75' lang='lat' dir='ltr'>Ritterelrariur</span> <span class='ocrx_word' id='word_1_232' title='bbox 338 3139 343 3206; x_wconf 77' lang='lat' dir='ltr'>l</span> <span class='ocrx_word' id='word_1_233' title='bbox 357 3143 388 3193; x_wconf 82' lang='lat'>10</span> <span class='ocrx_word' id='word_1_234' title='bbox 405 3143 548 3195; x_wconf 87' lang='lat' dir='ltr'>tristitiam</span> <span class='ocrx_word' id='word_1_235' title='bbox 566 3147 675 3211; x_wconf 66' lang='lat' dir='ltr'>scripu:</span> <span class='ocrx_word' id='word_1_236' title='bbox 691 3146 829 3196; x_wconf 84' lang='lat' dir='ltr'>iustitiam</span> <span class='ocrx_word' id='word_1_237' title='bbox 846 3146 873 3194; x_wconf 77' lang='grc' dir='ltr'><strong>Μ</strong></span> <span class='ocrx_word' id='word_1_238' title='bbox 885 3141 896 3211; x_wconf 72' lang='grc' dir='ltr'>ΙΙ</span> <span class='ocrx_word' id='word_1_239' title='bbox 909 3146 942 3196; x_wconf 80' lang='grc'>16</span> <span class='ocrx_word' id='word_1_240' title='bbox 959 3144 1007 3197; x_wconf 85' lang='lat' dir='ltr'>sed</span> <span class='ocrx_word' id='word_1_241' title='bbox 1039 3148 1068 3196; x_wconf 92' lang='lat' dir='ltr'>et</span> <span class='ocrx_word' id='word_1_242' title='bbox 1083 3146 1107 3194; x_wconf 81' lang='grc' dir='ltr'><strong>Δ</strong></span> 
     </span>
     <span class='ocr_line' id='line_1_34' title="bbox 139 3205 1107 3278; baseline 0.006 -19"><span class='ocrx_word' id='word_1_243' title='bbox 139 3205 151 3273; x_wconf 77' lang='grc' dir='ltr'>Η</span> <span class='ocrx_word' id='word_1_244' title='bbox 172 3212 203 3260; x_wconf 88' lang='grc'>19</span> <span class='ocrx_word' id='word_1_245' title='bbox 220 3209 373 3276; x_wconf 85' lang='lat' dir='ltr'>praeclusit</span> <span class='ocrx_word' id='word_1_246' title='bbox 391 3212 450 3262; x_wconf 75' lang='lat' dir='ltr'>edd.</span> <span class='ocrx_word' id='word_1_247' title='bbox 469 3209 479 3276; x_wconf 90' lang='lat' dir='ltr'>l</span> <span class='ocrx_word' id='word_1_248' title='bbox 500 3215 532 3263; x_wconf 78' lang='lat'>21</span> <span class='ocrx_word' id='word_1_249' title='bbox 550 3214 662 3265; x_wconf 87' lang='lat' dir='ltr'>uirtutis</span> <span class='ocrx_word' id='word_1_250' title='bbox 680 3214 825 3264; x_wconf 81' lang='lat' dir='ltr'>Liuineius:</span> <span class='ocrx_word' id='word_1_251' title='bbox 843 3213 943 3265; x_wconf 88' lang='lat' dir='ltr'>uirtuti</span> <span class='ocrx_word' id='word_1_252' title='bbox 959 3214 988 3262; x_wconf 80' lang='lat'>1</span> <span class='ocrx_word' id='word_1_253' title='bbox 1023 3228 1107 3278; x_wconf 84' lang='lat' dir='ltr'>posse</span> 
     </span>
     <span class='ocr_line' id='line_1_35' title="bbox 136 3278 1107 3347; baseline 0.006 -20"><span class='ocrx_word' id='word_1_254' title='bbox 136 3279 330 3330; x_wconf 65' lang='lat' dir='ltr'>retrotractus:</span> <span class='ocrx_word' id='word_1_255' title='bbox 348 3292 431 3343; x_wconf 86' lang='lat' dir='ltr'>posse</span> <span class='ocrx_word' id='word_1_256' title='bbox 448 3280 475 3328; x_wconf 78' lang='grc' dir='ltr'><strong>Μ</strong></span> <span class='ocrx_word' id='word_1_257' title='bbox 504 3278 514 3345; x_wconf 78' lang='grc' dir='ltr'>ΙΙ</span> <span class='ocrx_word' id='word_1_258' title='bbox 543 3282 576 3331; x_wconf 79' lang='lat'>26</span> <span class='ocrx_word' id='word_1_259' title='bbox 596 3284 692 3345; x_wconf 85' lang='lat' dir='ltr'>coepto</span> <span class='ocrx_word' id='word_1_260' title='bbox 710 3285 793 3345; x_wconf 88' lang='lat' dir='ltr'>ponte</span> <span class='ocrx_word' id='word_1_261' title='bbox 810 3283 957 3333; x_wconf 80' lang='lat' dir='ltr'>Puteanus:</span> <span class='ocrx_word' id='word_1_262' title='bbox 980 3284 1107 3347; x_wconf 79' lang='lat' dir='ltr'>coempta</span> 
     </span>
     <span class='ocr_line' id='line_1_36' title="bbox 136 3344 1108 3414; baseline 0.006 -21"><span class='ocrx_word' id='word_1_263' title='bbox 136 3350 219 3409; x_wconf 84' lang='lat' dir='ltr'>ponte</span> <span class='ocrx_word' id='word_1_264' title='bbox 238 3344 315 3412; x_wconf 87' lang='lat' dir='ltr'>(pote</span> <span class='ocrx_word' id='word_1_265' title='bbox 327 3346 360 3395; x_wconf 84' lang='lat' dir='ltr'>W</span> <span class='ocrx_word' id='word_1_266' title='bbox 378 3350 518 3412; x_wconf 87' lang='lat' dir='ltr'>potestate</span> <span class='ocrx_word' id='word_1_267' title='bbox 534 3348 561 3411; x_wconf 78' lang='lat'>0)</span> <span class='ocrx_word' id='word_1_268' title='bbox 580 3349 607 3394; x_wconf 78' lang='grc' dir='ltr'><strong>Μ</strong></span> <span class='ocrx_word' id='word_1_269' title='bbox 625 3346 700 3397; x_wconf 82' lang='lat' dir='ltr'>Bert.</span> <span class='ocrx_word' id='word_1_270' title='bbox 719 3355 859 3412; x_wconf 84' lang='lat' dir='ltr'>comperta</span> <span class='ocrx_word' id='word_1_271' title='bbox 878 3352 1020 3414; x_wconf 85' lang='lat' dir='ltr'>potestate</span> <span class='ocrx_word' id='word_1_272' title='bbox 1037 3350 1108 3399; x_wconf 66' lang='lat' dir='ltr'>Liui·</span> 
     </span>
    </p>
   </div>
   <div class='ocr_carea' id='block_1_6' title="bbox 135 3410 1109 3543">
    <p class='ocr_par' dir='ltr' id='par_1_6' title="bbox 135 3410 1109 3543">
     <span class='ocr_line' id='line_1_37' title="bbox 136 3410 1109 3477; baseline 0.006 -17"><span class='ocrx_word' id='word_1_273' title='bbox 136 3413 207 3461; x_wconf 77' lang='lat' dir='ltr'>aetus</span> <span class='ocrx_word' id='word_1_274' title='bbox 231 3410 241 3477; x_wconf 85' lang='grc' dir='ltr'>ΙΙ</span> <span class='ocrx_word' id='word_1_275' title='bbox 266 3416 299 3465; x_wconf 79' lang='grc'>29</span> <span class='ocrx_word' id='word_1_276' title='bbox 319 3415 444 3465; x_wconf 86' lang='lat' dir='ltr'>accolere</span> <span class='ocrx_word' id='word_1_277' title='bbox 464 3414 650 3466; x_wconf 76' lang='lat' dir='ltr'>Setonkour‘ue:</span> <span class='ocrx_word' id='word_1_278' title='bbox 673 3414 805 3465; x_wconf 87' lang='lat' dir='ltr'>attollere</span> <span class='ocrx_word' id='word_1_279' title='bbox 823 3416 850 3464; x_wconf 77' lang='grc' dir='ltr'><strong>Μ</strong></span> <span class='ocrx_word' id='word_1_280' title='bbox 868 3415 965 3469; x_wconf 84' lang='lat' dir='ltr'>oeulos</span> <span class='ocrx_word' id='word_1_281' title='bbox 984 3416 1049 3467; x_wconf 86' lang='lat' dir='ltr'>aud.</span> <span class='ocrx_word' id='word_1_282' title='bbox 1068 3420 1109 3467; x_wconf 87' lang='lat' dir='ltr'>at·</span> 
     </span>
     <span class='ocr_line' id='line_1_38' title="bbox 135 3476 452 3543; baseline 0.003 -15"><span class='ocrx_word' id='word_1_283' title='bbox 135 3476 230 3528; x_wconf 88' lang='lat' dir='ltr'>tollere</span> <span class='ocrx_word' id='word_1_284' title='bbox 248 3493 273 3527; x_wconf 82' lang='lat' dir='ltr'><strong>w</strong></span> <span class='ocrx_word' id='word_1_285' title='bbox 289 3478 300 3543; x_wconf 88' lang='grc' dir='ltr'>ΙΙ</span> <span class='ocrx_word' id='word_1_286' title='bbox 318 3485 349 3531; x_wconf 82' lang='grc'>31</span> <span class='ocrx_word' id='word_1_287' title='bbox 368 3481 415 3531; x_wconf 92' lang='lat' dir='ltr'>ille</span> <span class='ocrx_word' id='word_1_288' title='bbox 434 3483 452 3529; x_wconf 82' lang='lat' dir='ltr'>c</span> 
     </span>
    </p>
   </div>
   <div class='ocr_carea' id='block_1_7' title="bbox 0 0 1208 4012">
    <p class='ocr_par' dir='ltr' id='par_1_7' title="bbox 0 0 1208 4012">
     <span class='ocr_line' id='line_1_39' title="bbox 0 0 1208 4012; baseline 0 0"><span class='ocrx_word' id='word_1_289' title='bbox 0 0 1208 4012; x_wconf 95' lang='lat' dir='ltr'> </span> 
     </span>
    </p>
   </div>
  </div>
 </body>
</html>
