2406 4012
185 769 214 841 1.
248 765 290 841 c.
309 765 464 841 rnrnn
479 767 687 841 onnonn
705 767 916 842 sncuuor

157 918 275 1020 ΡΑ
310 917 356 1020 Ν
389 920 430 1020 Ε
468 920 511 1021 G
544 921 589 1019 Y
623 921 668 1020 R
701 919 726 1018 Ι
762 920 797 1020 O
831 920 875 1017 U
912 918 943 1020 S

299 1100 496 1167 TRAIANO
519 1101 607 1166 IMP.
632 1100 800 1168 DIOTUS.

124 1439 151 1505 Ι.
166 1438 255 1504 Bene
267 1460 306 1502 ac
320 1438 491 1522 sapienter,
508 1443 617 1523 patres
634 1439 819 1524 conscripti,
835 1440 970 1504 maiores
985 1440 1035 1503 in-

61 1524 244 1588 stituerunt
265 1526 302 1587 ut
324 1544 429 1587 rerum
452 1524 649 1606 agendarum
677 1525 723 1588 ita
752 1523 878 1588 dicendi
905 1524 1061 1587 initiums

62 1607 348 1756 tttttttt
370 1607 1035 1777 itterittltdisstlttltslitleptl‘

67 1776 144 1840 silio
167 1777 285 1842 honore
307 1777 558 1858 auspicarentur.
588 1777 642 1859 qui
657 1796 726 1839 mos
743 1776 794 1840 oui
815 1777 1033 1861 potiusquam

67 1861 195 1925 consuli
226 1865 280 1925 aut
306 1860 433 1945 quando
459 1861 563 1946 magis
586 1861 788 1944 usurpandus
820 1861 1033 1945 colendusque

66 1949 119 2009 est
140 1967 235 2028 quam
251 1967 323 2009 oum
345 1946 480 2028 imperio
496 1949 634 2029 senatus,
657 1946 847 2010 auctoritate
862 1946 909 2010 rei
931 1947 1072 2029 publi-10

66 2051 127 2094 cae
149 2030 190 2092 ad
212 2030 354 2127 agendas
381 2031 502 2114 optimo
524 2031 662 2114 principi
688 2031 810 2116 gratias
842 2029 1035 2095 excitamur?

64 2113 154 2198 quod
191 2135 277 2178 emm
309 2115 535 2198 praestabilius
568 2119 618 2180 est
650 2123 707 2180 aut
742 2116 884 2199 pulcrius
919 2136 1034 2178 munus

64 2199 199 2261 deorum
226 2219 322 2282 quam
352 2203 458 2264 castus
486 2203 518 2264 et
546 2203 676 2265 sanctus
713 2202 745 2265 et
774 2201 823 2264 dis
854 2199 1035 2264 simillimus

37 2352 42 2361 ,
66 2282 239 2366 princeps?
269 2305 307 2348 ac
329 2284 357 2348 si
379 2285 482 2349 adhuc
505 2285 636 2350 dubium
657 2285 773 2348 fuisset
793 2285 877 2347 forte
898 2303 1035 2364 casuque

65 2368 206 2430 rectores
227 2367 322 2431 terris
338 2390 381 2432 an
396 2369 501 2453 aliquo
516 2370 648 2433 numine
670 2368 832 2446 darentur,
854 2366 1035 2449 principem
1049 2385 1074 2425 15

64 2453 178 2514 tamen
202 2455 348 2516 nostrum
377 2453 513 2537 liqueret
541 2452 696 2516 diuinitus
719 2451 937 2516 constitutum.
967 2471 1035 2513 non

68 2533 157 2597 enim
188 2537 313 2600 occulta
340 2539 498 2620 potestate
524 2536 665 2600 fatorum
698 2536 754 2600 sed
787 2536 827 2600 ab
860 2533 935 2600 Ioue
964 2535 1035 2619 ipso

67 2638 177 2682 coram
198 2641 236 2684 ac
257 2621 366 2704 palam
392 2623 537 2704 repertus
565 2624 627 2703 est3
657 2621 777 2685 electus
805 2620 922 2704 quippe
950 2623 1036 2684 inter

64 2724 138 2767 uras
167 2707 199 2767 et
224 2703 337 2769 altaria
363 2705 535 2789 eodemque
563 2705 628 2769 loci
655 2727 749 2788 quern
777 2706 854 2768 deus
885 2705 939 2769 ille
966 2710 1035 2769 tarn

65 2787 257 2853 manifestus
284 2812 321 2855 ac
347 2811 500 2874 praesens
526 2812 621 2873 quarn
649 2791 772 2854 caelum
802 2811 839 2852 ac
862 2789 966 2853 sidera
987 2790 1035 2852 in·
1049 2807 1075 2844 ‘20

65 2871 161 2936 sedit.
197 2893 258 2956 quo
285 2875 388 2959 magis
415 2877 525 2958 aptum
558 2875 709 2959 piumque
738 2877 787 2938 est
814 2877 857 2956 te,
890 2872 1036 2958 Iuppiter

65 2956 199 3039 optime,
228 2960 324 3022 antea
346 2958 553 3041 conditorem,
581 2980 670 3023 nunc
699 2960 956 3023 conseruatorem
978 2959 1035 3020 im-

64 3040 150 3124 perii
188 3044 291 3106 nostri
318 3043 442 3126 precari
470 3047 506 3106 ut
533 3042 614 3108 mihi
630 3043 741 3127 -digns
768 3043 909 3125 consule,
938 3041 1037 3125 digna

65 3127 195 3208 senatu,
228 3126 327 3210 digna
350 3126 494 3210 principe
517 3129 686 3212 contingat
715 3128 817 3193 oratio
844 3131 943 3210 utque
970 3146 1035 3188 om·

68 3248 271 3259 mm

136 3316 153 3363 6
176 3320 307 3380 caperent
330 3328 354 3362 w
378 3313 388 3380 1
413 3316 428 3364 6
451 3314 574 3380 nihilque
597 3331 675 3380 prou.
698 3317 716 3364 0
740 3314 750 3381 11
775 3317 807 3366 14
826 3316 893 3365 atr
918 3311 928 3380 11
952 3314 1036 3364 1611·

86 3387 136 3432 net
154 3394 179 3430 w
203 3379 213 3448 1
238 3382 269 3432 18
287 3387 411 3448 repertus
431 3383 537 3433 electus
554 3387 597 3433 est
615 3387 715 3449 quippe
728 3385 763 3448 n,
781 3399 850 3435 corr.
867 3382 1037 3434 Sctwnrzius.

64 3396 84 3514 11
95 3450 130 3500 22
148 3450 250 3514 optime
266 3451 385 3500 maxime
404 3465 429 3516 ς.

114 3540 204 3582 Pms.
217 3549 272 3582 ur.
872 3539 893 3586 t
