2406 4012
192 215 256 279 234
522 218 556 268 x.
586 218 733 267 1111111111
752 216 832 269 Pau.

193 388 320 430 suarum
342 365 565 450 gubernaculis
587 386 683 448 quam
697 364 793 429 facile
815 365 923 429 omnia
947 364 987 428 ad
1003 364 1165 429 salubrem

193 472 321 515 cursum
343 451 499 534 redirent3
530 471 610 533 quae
632 450 679 512 ita
702 449 927 513 deferebantur
950 454 988 513 ut
1008 471 1088 514 mox
1110 454 1163 515 aut

192 536 346 599 malorum
375 535 517 598 omnium
545 534 684 616 scopulis
706 534 907 597 illiderentur
936 538 994 597 aut
1022 534 1160 597 miseria
1195 574 1197 579 -

192 641 263 682 rum
290 619 380 682 uadis
409 619 682 682 adhaerescerent.
729 621 910 701 praetereo,
943 617 1097 701 inquam,
1130 622 1163 681 et.
1194 636 1197 641 ·

167 703 271 766 sbaec
293 708 325 766 ct
340 703 404 765 alia
421 703 584 784 complura
601 723 734 786 quorum
756 704 804 766 est
825 705 857 766 et
872 701 1068 799 singillatim
1089 724 1158 767 one

191 808 263 850 rosa
285 786 385 851 moles
409 790 441 851 et
456 789 599 850 omnium
621 787 716 850 simul
731 807 863 851 aceruus
884 807 1063 850 onerosior.
1086 808 1156 849 nam
1195 814 1197 819 ·

192 892 273 953 quae
296 871 425 935 diducta
446 872 529 934 ferre
554 893 712 954 nequeas,
739 870 791 935 his
821 872 1029 955 congregatis
1057 871 1156 934 subire
1195 872 1197 881 '

193 956 260 1038 spei
294 955 536 1039 importunioris
568 960 617 1018 est
648 976 743 1038 quam
775 954 909 1019 fiduciae
943 955 1155 1040 promptioris.

191 1044 379 1121 recuperata
408 1040 507 1123 igitur
528 1039 623 1103 Italia
650 1039 703 1104 hic
729 1040 851 1123 primus
884 1039 948 1102 fuit
978 1038 1156 1103 liberandae
1194 1088 1197 1097 .

154 1148 179 1186 ιο
192 1123 280 1187 urbis
302 1125 420 1208 gradus
449 1128 481 1187 et
502 1124 542 1188 ad
563 1124 733 1188 uictoriam
753 1123 858 1187 facilis
881 1145 1051 1205 ascensus,
1079 1122 1153 1207 quod

192 1208 282 1271 illum
305 1230 430 1291 semper
444 1208 623 1273 exedendae
645 1208 734 1272 urbis
748 1207 923 1272 uisceribus
938 1208 1153 1272 inhaerentem

193 1315 232 1356 ex
259 1295 394 1356 assuetis
415 1292 546 1356 latebris
571 1293 621 1355 uis
643 1292 821 1357 diuinitatis
844 1293 997 1356 excussit.
1042 1293 1151 1375 inquo

192 1377 322 1460 quidem
342 1380 468 1440 tantum
490 1378 645 1440 momenti
667 1377 730 1441 fuit
752 1376 789 1439 ad
809 1376 1025 1459 perficiendae
1048 1376 1095 1440 rei
1112 1375 1151 1439 fa·

194 1461 348 1525 cilitatem
379 1465 415 1524 ut
441 1482 509 1524 non
536 1464 603 1524 tam
631 1461 835 1544 gloriandum
864 1460 907 1524 sit
932 1461 1050 1525 uirtuti
1077 1465 1151 1541 tuac,
1190 1498 1197 1537 3

1190 1248 1197 1445 Ξ

1192 1454 1197 1487 1

154 1568 179 1606 15
192 1545 464 1628 praestantissime
492 1547 680 1628 imperator,
710 1545 792 1628 quod
820 1566 892 1608 eum
920 1544 1039 1608 uiceris
1067 1564 1151 1627 quam
1195 1546 1197 1559 '

191 1629 418 1714 gratulandum
455 1630 601 1694 felicitati
639 1629 722 1713 quod
761 1629 801 1692 ad
837 1649 982 1712 pugnam
1020 1626 1153 1713 potueris
1194 1624 1197 1641 '

193 1735 335 1777 euocare.

254 1796 406 1862 XXVIII.
458 1797 535 1863 Non
562 1798 647 1862 enim
677 1819 767 1880 casu,
798 1817 866 1860 non
893 1796 1011 1860 fiducia
1040 1799 1151 1861 factum

191 1884 339 1964 putemus
361 1887 398 1944 ut
412 1883 497 1944 ultro
520 1882 615 1945 etiam
631 1881 805 1945 exercitum
827 1881 978 1945 educeret
992 1881 1153 1946 aduersam

154 1984 179 2023 1ο
193 1985 265 2026 eum
288 1966 376 2027 cuius
400 1965 555 2028 aduentus
578 1966 746 2029 stridorem
769 1967 874 2048 ipsum
892 1964 1155 2048 perhorresceret,

192 2046 254 2110 nisi
276 2049 419 2110 animum
441 2048 505 2111 iam
526 2051 612 2113 metu
628 2050 756 2113 deuiam
778 2049 928 2113 infestior
943 2049 1021 2113 deus
1045 2053 1153 2133 etper·

193 2131 289 2195 eundi
316 2132 483 2196 maturitas
506 2133 711 2219 perpulisset3
741 2133 826 2217 quod
847 2134 918 2217 ipsa
944 2136 1031 2197 ratio
1057 2134 1154 2217 dispo·

192 2217 289 2281 nendi
322 2220 478 2281 exercitus
507 2218 614 2282 docuit
641 2219 732 2300 ilico,
767 2221 875 2283 mente
902 2216 1031 2301 perdita
1060 2216 1154 2301 impli-

193 2306 327 2386 catoque
350 2303 483 2366 consilio
506 2324 578 2366 cum
600 2325 672 2367 eum
691 2323 821 2386 pugnae
843 2303 950 2366 locum
974 2304 1107 2385 caperet
1124 2302 1156 2365 ut

153 2407 178 2447 ss
192 2387 365 2452 interclusa
401 2388 480 2473 fuga
515 2387 672 2451 moriendi
709 2389 934 2451 necessitatem
967 2386 1154 2470 imponeret,

193 2492 264 2535 curn
286 2494 375 2555 spem
397 2472 550 2536 uictoriae
571 2494 637 2536 non
658 2470 800 2536 haberet.
844 2469 928 2554 quod
950 2471 1083 2554 quidem
1104 2470 1154 2535 im·

190 2559 331 2636 peratori
353 2560 463 2619 nostro
487 2556 664 2640 optandum
686 2555 908 2641 largitatum,
932 2556 988 2638 qui
1010 2554 1075 2620 hoc
1096 2573 1153 2619 uno

191 2640 329 2701 maxime
351 2640 524 2702 offenditur
551 2642 577 2703 si
601 2643 762 2705 certamen
786 2639 942 2704 lubricum
963 2639 1068 2704 faciat
1089 2661 1104 2703 s

191 2725 339 2802 prompta
352 2722 510 2804 fugiendi.
533 2724 726 2788 relaxauerit
743 2725 826 2789 acies
847 2726 904 2787 aut
915 2723 1008 2787 frons
1022 2658 1155 2808 impddi

152 2823 177 2863 so
190 2803 394 2888 titubauerit‚
422 2805 538 2869 fiducia
560 2828 712 2871 manuum
738 2809 778 2873 ad
799 2807 897 2892 pedes
918 2807 963 2872 mi
1025 2811 1049 2877 t.
1093 2828 1155 2873 non

191 2909 295 2971 amas,
329 2889 519 2972 imperator,
554 2891 638 2954 bella
671 2893 734 2956 nisi
762 2893 942 2957 seruantem
992 2896 1096 2957 ostem
1123 2892 1154 2955 in

190 2974 293 3059 gradu
315 2995 371 3038 suo
386 2975 530 3059 praecisa
550 2976 629 3061 fuga
642 2979 765 3058 teneat,
788 2980 824 3041 ut
838 2981 894 3040 aut
908 2976 995 3042 ferro
1012 2974 1156 3041 concidat

191 3062 246 3122 aut
266 3059 472 3125 miseratione
494 3067 648 3125 seruetur.
691 3065 768 3144 aput
789 3060 931 3126 Tiberim
959 3060 1063 3145 igitur
1084 3079 1154 3125 suos

257 3331 380 3381 tmoles
398 3345 435 3380 w:
463 3333 542 3383 molis
559 3336 587 3382 11
616 3332 626 3399 ΙΙ
656 3332 806 3384 'ldeducta
823 3335 844 3383 s
862 3334 880 3383 0
898 3334 920 3381 V
937 3334 970 3382 W
999 3330 1010 3399 ΙΙ
1041 3336 1074 3385 10
1097 3348 1152 3399 grs-

189 3395 239 3446 dus
258 3423 290 3433 —
310 3401 340 3449 11
359 3399 435 3450 urbis
454 3416 500 3454 om.
519 3402 540 3448 V
568 3399 578 3466 ΙΙ
609 3404 642 3452 10
659 3415 791 3451 ascensus
809 3400 900 3451 Bora:
919 3415 1055 3452 accensus
1073 3402 1096 3450 Δ
1111 3416 1153 3451 ac-

190 3474 281 3513 cessus
298 3466 319 3514 11
337 3467 354 3512 c
372 3468 406 3514 W
422 3464 431 3529 ΙΙ
454 3470 485 3517 13
503 3465 550 3534 ad]
571 3475 618 3519 aut
636 3471 658 3517 Δ
677 3465 726 3533 Vn
746 3470 779 3518 22
797 3468 989 3533 pepulissettt
1010 3467 1153 3535 12311111

188 3530 392 3592 1111111111111111
410 3534 437 3580 Ι
465 3532 475 3598 ΙΙ
505 3536 537 3586 29
555 3536 673 3602 impulsa
690 3550 728 3585 w:
747 3535 890 3601 impulsati
905 3536 933 3585 11
