2406 4012
191 214 255 278 284
514 215 576 264 xri.
605 210 738 262 escam
756 212 837 264 esu.

193 364 365 431 conuiuiis:
402 384 508 428 nonne
537 361 746 446 cognouimus
774 361 940 426 cuiusdam
964 365 1047 426 retro
1064 361 1153 445 prin-¹

192 451 272 532 cipis
295 471 361 512 non
382 449 525 532 prandia,
549 447 605 510 sed
624 446 746 509 fercula
768 466 864 530 saepe
885 448 1063 511 sestertium
1079 444 1129 509 mil
1187 470 1195 509 z

191 535 249 597 lies
271 533 437 597 aestimata
458 531 726 614 patrimoniorum
753 532 950 613 equestrium
970 531 1067 616 pretia
1083 534 1128 593 trs·
1176 532 1195 597 si

192 617 299 682 risse?
334 621 424 700 tuae,
446 616 635 698 imperator,
659 614 774 698 epulae
793 616 915 680 mensis
939 614 1129 682 communibus
1177 620 1195 680 ε’

165 698 934 849 ⁵lll‘ttldlldisldttlutllt
948 701 1131 850 tibulli
1180 748 1195 849 ἱ

194 868 298 935 cultus
326 869 459 934 inoleuit
487 873 519 932 et
541 867 776 952 quiescentibus
801 807 924 952 lldgum'
939 809 1035 935 rliinis
1057 865 1132 933 subiit
1183 894 1195 951 ς

193 966 349 1038 quemque
372 954 524 1038 priuatim
546 954 595 1017 sui
616 952 824 1036 poenitentia.
855 953 902 1017 sic
925 958 976 1018 est
998 950 1133 1037 enimait
1153 1020 1159 1035 ⁸
1185 980 1194 1017 s

194 1043 257 1103 est:
291 1042 460 1122 exasperat
481 1038 624 1102 homines
647 1037 804 1120 imperatu
826 1039 998 1122 correctio,
1021 1036 1133 1103 blandis·
1186 1064 1195 1101 ε

155 1142 180 1181 10
193 1125 271 1187 sime
294 1124 421 1187 iubetur
446 1123 600 1206 exemplo.

256 1207 327 1271 XV.
374 1207 434 1272 Sed
464 1229 535 1271 cum
557 1206 635 1270 haec
663 1208 695 1269 et
722 1204 872 1269 adhunc
898 1207 1031 1271 modum
1055 1208 1137 1270 cetere
1188 1230 1195 1270 r

193 1312 296 1354 mores
326 1291 491 1354 hominum
526 1294 559 1354 et
587 1290 735 1353 institute
762 1289 949 1373 formarint,
984 1296 1052 1355 tum
1076 1284 1139 1353 nihl
1192 1314 1195 1351 ι

193 1375 378 1439 abdicandis
400 1375 488 1437 uitiis
514 1373 767 1458 adoptandisque
792 1375 965 1439 uirtutibus
988 1373 1141 1460 impensim

194 1459 297 1523 sentio
320 1459 477 1542 profuisse
505 1480 602 1542 quam
623 1458 706 1541 quod
728 1457 779 1521 his
801 1462 834 1522 te
856 1459 934 1523 uiris
963 1481 1085 1544 semper
1104 1457 1142 1521 de

156 1561 181 1601 15
195 1543 270 1607 disti
292 1565 370 1628 quos
399 1544 548 1607 affectare
570 1543 698 1626 publica
727 1542 857 1607 deberet
878 1544 1019 1609 imitatio
1046 1544 1145 1642 quique

193 1651 287 1712 quam
316 1629 426 1693 faciles
453 1629 513 1692 tibi
541 1628 678 1692 fuissent
710 1626 883 1713 [sequaces]
918 1628 1068 1726 discipuh
1093 1631 1147 1691 tam

194 1715 308 1777 ceteris
331 1713 499 1796 expetendi
528 1716 636 1776 essent
657 1712 813 1795 magistri.
859 1715 895 1774 ut
918 1711 956 1776 de
980 1712 1150 1777 h1ssileam
1179 1748 1182 1755 ·

194 1819 272 1880 quos
294 1798 354 1861 tibi
382 1797 504 1881 primus
531 1796 585 1860 ille
612 1797 773 1860 nascentis
800 1796 928 1880 imperii
950 1797 1020 1861 dies
1048 1796 1152 1861 obtulit

193 1882 295 1944 tantis
317 1882 489 1945 uirtutibus
506 1881 669 1964 praeditos
691 1883 814 1944 utnon
836 1902 895 1963 pro
919 1884 1013 1965 copia
1034 1880 1152 1966 sumpti,

157 1984 182 2023 20
196 1964 252 2026 sed
274 1986 313 2027 ex
335 1966 427 2047 copia
449 1966 633 2028 uiderentur
655 1965 775 2047 optati:
798 1987 877 2048 quos
898 1968 935 2029 tu
955 1968 1070 2049 postes
1110 1986 1155 2031 us·
1185 1950 1195 2077 l

194 2047 303 2130 lesque
319 2046 427 2132 legisti
448 2049 562 2131 quibus
577 2049 815 2131 prouinciarum
835 2050 1025 2131 custodiam,
1050 2073 1105 2135 qm
1124 2070 1156 2114 us

87 2190 103 2215 ,,
194 2131 342 2195 militaris
375 2132 422 2196 rei
450 2154 622 2215 summam,
657 2134 771 2216 quibus
801 2133 1010 2199 consiliorum
1037 2142 1158 2200 tuorum

195 2238 313 2281 arcana
339 2217 577 2281 committeres?
622 2239 698 2302 ergo
729 2239 801 2282 cum
831 2217 947 2302 duplex
975 2219 1077 2284 fuerit
1103 2220 1159 2283 iste

196 2302 344 2385 dilectus,
375 2324 456 2366 unns
485 2324 523 2366 ex
551 2301 684 2384 iudicio,
717 2303 796 2367 alter
824 2324 863 2367 ex
890 2302 972 2386 fato,
1003 2304 1160 2370 incertum

157 2405 182 2445 ss
195 2387 343 2452 meliores
369 2388 455 2451 uiros
478 2387 637 2469 sapientia
658 2389 714 2450 tua
742 2409 784 2450 an
805 2387 935 2451 fortuna
955 2390 1159 2471 quaesiuerit,

195 2492 268 2534 oum
285 2472 365 2535 tales
388 2472 440 2536 uel
463 2475 610 2554 acceptos
626 2471 743 2535 habeas
764 2471 816 2536 uel
837 2475 981 2555 repertos
1003 2477 1041 2539 ut
1064 2478 1099 2540 et
1118 2472 1162 2539 illi

161 2590 164 2596 ·
195 2557 371 2619 meruerint
392 2557 495 2620 teneri
519 2562 550 2620 et
572 2557 627 2620 isti
649 2555 817 2620 debuerint
840 2558 991 2639 cooptari.

258 2639 347 2703 XVI.
374 2640 494 2724 Ecquis
514 2641 744 2724 imperatorum
766 2661 916 2724 umquam
935 2642 1068 2724 putauit
1090 2642 1163 2707 ami·

196 2721 290 2783 citiae
325 2722 445 2787 cultum
478 2724 514 2786 in
540 2725 630 2808 regia
658 2724 750 2789 laude
777 2725 988 2809 ponendum?
1033 2726 1163 2792 humilis

156 2820 183 2860 so
196 2804 275 2867 haec
309 2807 411 2868 uirtus
440 2806 634 2890 dubiumque
668 2831 708 2873 an
739 2810 841 2874 uirtus
870 2809 1075 2875 indicabatur
1108 2830 1164 2875 nee

262 3063 277 3110 2
296 3076 380 3126 saepe
399 3062 448 3112 sed
466 3062 571 3113 fercula
589 3066 624 3126 1,
645 3067 793 3129 transposui
811 3065 815 3127 Ι
835 3065 916 3117 miles
933 3066 954 3115 B
973 3066 995 3113 V
1019 3065 1030 3131 ΙΙ
1053 3068 1072 3117 4
1089 3082 1164 3117 men·

196 3129 307 3179 sibusc
335 3127 345 3193 ΙΙ
374 3132 390 3180 8
413 3132 550 3193 priostum
569 3145 594 3179 w
622 3129 633 3196 ll
663 3134 971 3185 tundiremilziuideor
990 3134 1167 3185 nesciocuius

192 3204 287 3261 poetae
312 3198 408 3248 iambos
431 3199 491 3248 tos:
527 3200 663 3249 eorrectio
689 3200 816 3251 homines
841 3202 976 3266 imperata
1003 3206 1166 3267 exseperst3

195 3263 375 3314 blandissime
395 3265 504 3315 iubetur
526 3268 650 3332 exemplo
668 3268 714 3330 pio
744 3264 753 3331 ΙΙ
785 3269 817 3318 15
840 3268 955 3319 deberet
972 3268 1088 3333 publica
1106 3266 1165 3331 Ἣ

195 3333 295 3396 quique
314 3331 406 3383 Hert„-
424 3333 471 3395 qui
488 3335 515 3381 Π
540 3330 550 3398 ΙΙ
576 3336 607 3384 lt
625 3350 759 3398 sequaces
777 3337 828 3385 del,
847 3335 988 3386 Burttius:
1016 3351 1168 3401 sequaces-

196 3412 246 3460 que
266 3400 341 3463 Cusp.
372 3397 381 3463 ΙΙ
411 3402 444 3450 20
467 3403 627 3464 quoscum:
655 3407 722 3466 quot
738 3404 765 3451 Π
784 3402 859 3453 Berl.
890 3400 900 3468 ll
929 3405 962 3454 27
984 3404 1059 3453 tueri
1078 3413 1106 3455 et
1124 3418 1168 3455 eo·

195 3467 287 3528 aptari
304 3466 327 3513 A
355 3463 365 3531 ΙΙ
395 3468 427 3516 28
450 3468 545 3530 eequis
563 3470 637 3519 edd:
663 3484 711 3518 neo
731 3471 791 3533 quis
809 3471 836 3520 Ι
865 3468 875 3535 ΙΙ
905 3473 938 3520 29
962 3471 1109 3521 humilium
1127 3472 1171 3533 W,

193 3534 242 3579 sed
257 3533 283 3580 in
300 3548 395 3597 marp:
415 3529 444 3581 sl
462 3534 570 3585 humilis
