2406 4012
230 172 486 225 corsrlnrlno
505 173 675 227 AUGUSTO
694 176 728 226 D.
749 178 855 227 10-13.
966 174 1027 240 169

53 322 237 390 terribilem
258 322 429 407 aliqnando
445 323 549 408 ripam
570 324 713 389 inermus
734 324 886 410 agricola,
908 329 941 390 et
956 328 1026 391 toto

52 407 162 475 nostri
182 428 299 493 greges
316 407 439 475 bicorni
461 429 555 473 amne
575 412 766 474 mersantur.
789 408 869 475 haec
891 413 940 475 est
957 413 1025 494 tue,

54 492 288 573 Constantine,
316 492 357 557 de
377 493 523 558 Ascerici
543 492 736 579 Regeisique
762 494 919 579 supplicio
945 495 1027 560 coti·
1096 501 1100 509 '

55 578 156 643 diana
184 580 280 661 atque
307 580 439 642 aeterna
464 578 599 642 uictoria
628 579 776 644 omnibus
799 580 959 664 quondam
981 601 1028 645 se·

57 661 172 729 cundie
201 661 333 745 proeliis
365 662 602 746 anteponenda.
653 664 751 729 semel
779 665 846 729 acie
875 665 1053 749 uincitur,⁵

57 748 130 813 sinc
160 746 225 811 fine
258 751 303 812 eet
333 746 533 813 documento.
586 747 709 812 cladem
741 770 845 829 suam,
881 751 1027 834 quamuis

57 831 154 899 multi
174 833 326 915 pereant,
348 832 464 916 uulgus
487 832 636 917 ignorat:
661 833 884 917 compendium
906 839 955 900 est
976 835 1028 900 de·

57 914 292 983 uincendorum
314 915 458 981 hostium
480 916 576 982 duces
599 916 775 982 sustulisse.

122 998 197 1065 XII.
241 999 289 1065 Ut
308 1004 417 1065 temen
438 1001 587 1067 omnibus
614 1001 716 1065 modis
739 1000 948 1066 barbarorum
970 1002 1028 1065 im·

58 1085 201 1151 menites
222 1084 427 1170 frangeretur
454 1107 515 1150 neo
537 1086 605 1150 sola
626 1084 734 1150 hostes
761 1107 875 1170 regum
900 1107 1028 1151 suorum
1042 1106 1067 1147 u

59 1169 220 1254 supplicia
241 1173 430 1254 maererent,
455 1171 552 1235 etiam
574 1170 718 1235 immissa
739 1169 902 1235 Bructeris
923 1174 1028 1236 uasta·

58 1254 153 1321 tione
174 1253 295 1337 fecisti,
317 1255 492 1338 imperator
513 1254 643 1321 inuicte.
687 1256 722 1320 in
744 1276 807 1341 quo
828 1255 932 1339 prima
956 1277 1028 1321 con·

60 1338 126 1403 silii
148 1338 197 1403 tui
218 1338 290 1413 fuit¹
302 1340 385 1404 ratio
408 1339 492 1422 qnod
514 1340 654 1404 exercitu
675 1344 807 1423 repente
825 1341 959 1406 traiecto
981 1342 1029 1404 in·

61 1423 234 1508 opinantes
250 1422 382 1488 adortus
397 1445 441 1507 es,
463 1445 530 1489 non
545 1446 607 1508 quo
623 1429 733 1508 aperto
749 1424 853 1490 Marte
869 1425 1029 1490 diffideres

60 1512 98 1573 nt
141 1508 175 1571 ui
195 1507 303 1605 putam
331 1509 486 1593 congredi
507 1509 688 1588 maluisses,
717 1509 772 1573 sed
794 1512 831 1573 ut
856 1509 912 1573 illa
938 1510 1028 1573 natio
1042 1527 1068 1569 u

84 1528 220 1678 eriugirs
242 1592 394 1658 siluarum
417 1596 450 1657 et
463 1592 617 1677 paludum
631 1593 752 1657 bellum
775 1592 868 1657 solita
882 1592 1030 1658 frustrari

60 1615 161 1762 tigne
183 1679 310 1775 tempus
332 1678 503 1746 amitteret.
543 1677 628 1742 caesi
649 1677 748 1762 igitur
769 1676 1029 1761 innumerabiles,

62 1760 152 1847 cepti
178 1762 323 1846 plurrmi3
360 1762 511 1846 quicquid
545 1761 609 1825 fuit
639 1762 779 1846 pecoris,
815 1765 944 1845 raptum
975 1765 1031 1826 aut

62 1844 259 1911 trucidatum
281 1849 343 1932 est;
365 1847 430 1911 uici
449 1868 560 1911 omnes
581 1848 658 1932 igne
673 1847 871 1932 consumpti;
894 1847 1030 1930 puberes

62 1931 118 2016 qni
144 1931 180 1995 in
206 1952 320 1995 manus
349 1935 520 2015 uenerunt,
554 1952 689 2014 quorum
716 1952 777 1997 nec
801 1931 935 2015 perfidia
962 1936 1069 1997 etatae

62 2019 141 2099 epte
160 2014 296 2104 militiae
317 2036 377 2081 nec
392 2016 512 2080 ferocia
533 2016 690 2101 seruituti,
712 2016 753 2082 ad
768 2038 887 2100 poenas
909 2022 1032 2101 specta·

63 2100 137 2165 culo
162 2100 229 2163 deti
258 2100 437 2166 saeuientes
459 2100 577 2166 bestias
604 2101 810 2167 multitudine
838 2123 894 2166 sua
915 2103 1031 2188 fatiga-

62 2188 152 2249 runt.
197 2183 260 2250 hoc
284 2188 347 2268 est,
375 2185 565 2269 imperator,
596 2185 714 2251 fretum
737 2207 806 2251 esse
833 2187 951 2250 uirtute
972 2206 1032 2250 sua

63 2267 327 2417 αξὲιιῌὲημηη,
357 2268 419 2334 hoc
441 2272 576 2334 estnon
598 2292 710 2417 pacedn
732 2291 837 2334 emere
858 2269 1029 2352 parcendo,
1057 2369 1071 2411 ⁵

419 2375 436 2416 r
550 2375 569 2416 0
719 2403 726 2416 .
1045 2371 1056 2410 a

63 2374 78 2417 s
128 2374 499 2522 liulilmiiisiipiiaitiarrii
511 2374 747 2523 prgffiegsi
768 2438 867 2520 ponte
880 2435 1032 2500 faciundo

63 2521 208 2605 reliquiis
230 2522 368 2588 afflictae
390 2524 498 2608 gentis
519 2522 671 2605 insultas,
694 2543 735 2586 ne
756 2542 906 2604 umquam
928 2524 1032 2585 metus

62 2606 1033 2779 blitildis}cffiiisuclllssssdllssssr

63 2741 175 2842 tui'et
202 2780 352 2843 ornatum
379 2777 492 2843 limitis
518 2777 620 2843 facias
647 2799 743 2862 quam
772 2777 812 2842 ud
833 2777 1032 2862 facultatem,
1046 2794 1072 2834 ³⁰

136 2968 150 3017 1
168 2967 281 3019 inermis
297 2967 318 3015 B
337 2967 354 3016 o
372 2967 394 3015 V
411 2967 444 3016 W
466 2965 477 3032 ΙΙ
500 2970 515 3017 2
533 2967 639 3018 bicorni
657 2983 736 3018 smne
753 2967 861 3030 scripsi:
879 2966 990 3016 bicorne
1007 2965 1034 3013 11

64 3032 178 3083 flumine
195 3034 303 3085 bicorni
321 3035 378 3085 cdd.
401 3033 411 3100 ΙΙ
441 3038 457 3086 3
475 3034 507 3084 de
524 3034 648 3085 Ascarici
665 3034 833 3100 Regaisique
852 3034 981 3097 Lanpius:
999 3032 1033 3082 de

64 3101 177 3153 enecari
194 3098 258 3169 (dea
276 3102 369 3153 secari
381 3101 415 3166 A)
434 3104 535 3153 cimero
555 3101 667 3166 (cunero
678 3104 711 3151 W
731 3101 820 3151 cinere
836 3098 931 3164 ΒΗ)
949 3099 1035 3163 geisi-

65 3182 120 3234 quc
129 3168 158 3219 Ι
175 3165 186 3235 l
201 3173 218 3221 6
236 3172 367 3222 eaddldt:
384 3186 431 3222 om.
443 3171 470 3219 1
483 3171 544 3222 sine
557 3170 611 3220 fine
621 3171 814 3220 documentum
826 3168 1035 3232 Eyssenhardtuc

64 3234 74 3301 ΙΙ
92 3238 124 3287 11
141 3238 225 3289 ncdm
241 3238 365 3289 immisse.
381 3239 465 3289 etiam
480 3236 485 3302 1
499 3238 620 3289 bruteris
636 3238 660 3286 A
680 3234 691 3303 ΙΙ
713 3238 746 3286 14
764 3252 794 3287 es
811 3248 848 3284 v:
872 3240 914 3287 est
930 3236 958 3284 Al
974 3231 984 3299 l
1003 3236 1035 3285 15

63 3301 127 3372 ille]
146 3304 189 3355 ite
206 3303 253 3372 All
270 3307 303 3357 16
319 3306 462 3372 paludium
477 3304 524 3371 All
542 3308 574 3358 18
592 3305 677 3356 inerit
693 3306 717 3354 A
728 3305 779 3354 Bc
794 3302 799 3368 1
814 3307 923 3368 raptum
940 3304 1038 3367 scripsi

64 3372 83 3427 1.
102 3374 123 3427 l.
138 3390 168 3439 ρ.
184 3375 252 3425 uc.-
269 3380 384 3442 csptum
400 3375 428 3423 1
455 3370 467 3441 fl
496 3376 527 3424 21
545 3387 599 3424 nee
613 3373 637 3421 A
653 3371 700 3422 W:
719 3387 753 3423 ne
771 3372 792 3420 Β
811 3373 828 3421 c
846 3372 868 3418 V
891 3368 896 3435 1
919 3367 1033 3437 ferocis]

65 3437 185 3494 tortiora
201 3442 236 3490 W
251 3438 262 3508 Ι
277 3444 312 3493 26
329 3440 496 3509 agripinensi
513 3442 537 3492 A
548 3441 581 3490 W
598 3440 749 3508 ugripicnsi
766 3440 787 3488 Β
800 3438 821 3486 V
840 3439 1037 3505 agrippiensic

64 3505 76 3565 l
92 3510 127 3562 27
144 3509 267 3576 reliquiis
285 3525 322 3560 v:
343 3512 459 3576 reliquis
475 3511 504 3559 Π
518 3509 523 3577 Ι
538 3514 637 3560 metum
654 3523 679 3558 w
