2394 3990
363 183 523 234 TRAIANO
544 183 578 232 D.
603 186 710 235 78—81.
976 184 1017 248 75

69 328 197 423 pilarum
225 331 322 394 etiam
353 332 529 396 ciuitatium
554 333 701 414 precibus
730 336 885 397 occurrat.
929 335 1017 398 nulla

72 432 101 477 rn
117 415 266 478 audiendo
290 415 478 499 difficultas,
500 417 589 479 nulla
610 417 645 480 in
667 418 888 500 respondendo
910 439 1014 481 mora:

74 498 170 563 adeunt
190 500 312 579 statim,
336 500 544 564 dimittuntur
565 501 691 586 statim;
716 502 908 585 tandemque
930 503 1017 586 prin-

75 579 134 665 cipis
154 584 237 647 fores
261 583 390 649 exclusa
411 583 610 668 legationum
631 586 727 649 turba
749 608 815 650 non
838 587 972 650 obsidet.

76 696 81 707 ·
119 666 241 732 LXXX.
288 668 394 744 Quid?
432 669 466 731 in
488 670 636 733 omnibus
659 670 896 754 cognitionibus
919 688 1042 754 quam⁵

71 750 140 815 uitis
159 752 323 836 seueritas,
347 774 442 836 quam
464 775 531 817 non
552 754 707 818 dissoluta
729 754 913 819 clementia!
947 777 1016 818 non

70 832 99 897 -lu
114 835 332 920 locupletando
358 837 434 900 fisco
458 842 608 920 operatus
631 839 735 920 sedes,
766 860 827 902 nec
849 839 935 902 aliud
956 840 1017 902 tibi

73 923 226 984 menuae
248 925 324 985 tuae
344 923 484 1004 pretium
506 923 704 1006 quambene
726 923 892 986 iudicasse.
929 926 1017 985 stant

68 1006 131 1067 ate
148 1008 179 1068 te
201 1005 383 1088 litigatores
405 1027 472 1070 non
494 1007 532 1070 de
554 1007 692 1070 fortunis
715 1006 797 1088 suis,
821 1006 877 1070 sed
900 1007 938 1070 de
960 1009 1017 1069 tua

70 1087 285 1152 existimatione
319 1089 464 1173 solliciti,
500 1112 561 1155 nec
590 1093 659 1154 tam
691 1094 845 1154 uerentur
874 1090 950 1174 quid
977 1091 1054 1154 de10

72 1188 146 1235 unsa
171 1195 229 1237 sua
258 1195 353 1256 quam
376 1173 451 1257 quid
479 1175 517 1238 de
539 1176 682 1239 moribus
711 1176 841 1239 sentiae.
885 1196 903 1238 ο
925 1197 1016 1238 ueras

68 1254 203 1342 pincipis
240 1262 337 1340 atque
373 1259 471 1322 etiam
508 1258 559 1323 dei
596 1281 687 1324 curas
725 1258 931 1323 reconciliare
964 1281 1015 1323 ae-

71 1339 153 1405 nans
184 1342 332 1406 ciuitates
365 1345 589 1426 tumentesque
616 1343 751 1427 populos
785 1365 851 1407 non
882 1344 1016 1426 imperio

68 1424 154 1508 :mgis
178 1447 276 1509 quam
298 1427 421 1490 ratione
444 1448 654 1510 compescere,
683 1428 879 1492 intercedere
900 1428 1015 1510 iniqui·

70 1504 169 1574 letibus
192 1510 443 1594 magistratuum
469 1512 686 1595 infectumque
713 1511 843 1575 reddere
866 1511 1015 1594 quicquid
1031 1526 1055 1565 15

68 1588 123 1656 iai
150 1616 215 1659 non
248 1596 440 1678 oportuerit,
479 1600 641 1679 postremo
676 1595 868 1659 uelocissimi
902 1593 1016 1657 sideris

68 1680 140 1759 ¹nore
160 1679 268 1743 omnia
289 1680 429 1744 inuisere
478 1680 587 1744 omnia
610 1680 717 1743 audire
743 1682 775 1742 et
796 1677 1016 1759 undecumque

68 1760 232 1826 brocatum
257 1765 367 1828 statim
394 1730 482 1827 uelut
510 1785 627 1830 aamca
655 1762 765 1827 adesse
793 1766 825 1826 et
852 1762 1014 1826 assistere!

68 1844 134 1913 lilia
162 1868 229 1910 esse
253 1849 441 1912 crediderim
468 1869 549 1932 quae
572 1849 641 1932 ipse
664 1847 776 1912 mundi
797 1869 913 1930 parens
935 1849 1015 1910 tem-

69 1924 75 1937 ’
128 1933 143 1994 t
171 1934 266 2014 nutu,
306 1933 462 2016 siquando
493 1932 603 1998 oculos
630 1933 760 1996 demisit
792 1932 827 1995 in
854 1935 957 1996 terras
985 1936 1017 1995 et
1030 1948 1055 1987 20

68 1940 323 2089 &mortalium
351 2019 436 2081 inter
457 2017 566 2080 diuina
593 2039 692 2102 opera
714 2038 881 2080 numerare
904 2016 1016 2100 digna-

68 2092 109 2167 bs
131 2103 193 2164 est:
236 2123 301 2184 qua
326 2123 414 2165 nunc
446 2105 536 2184 parte
564 2102 645 2166 liber
675 2102 862 2184 solutusque
889 2104 1016 2164 tantum

68 2174 141 2257 belo
167 2189 277 2267 uacat,
304 2190 475 2269 postquam
496 2189 529 2249 te
552 2186 639 2250 dedit
661 2187 715 2270 qui
738 2208 816 2268 erga
844 2205 939 2247 omne
961 2184 1016 2246 ho-

68 2263 171 2347 !innm
197 2291 303 2353 genus
334 2270 403 2334 uice
432 2291 489 2334 sna
517 2271 708 2353 fungereris.
758 2269 903 2350 fungeris
931 2267 1017 2329 enim

128 2352 232 2436 cisque
260 2354 443 2436 mandanti,
480 2375 551 2418 cum
580 2354 641 2417 tibi
668 2354 735 2417 dies
762 2352 866 2414 omnis
892 2371 1016 2413 summa
1030 2366 1055 2405 25

150 2437 290 2502 utilitate
321 2442 445 2521 nostra,
480 2460 605 2502 summa
633 2458 705 2500 oum
734 2439 791 2498 tua
819 2433 913 2497 laude
943 2452 1017 2496 con·

68 2580 99 2697 i·
116 2602 260 2671 LXXXI.
305 2606 424 2682 Quodsi
447 2607 573 2689 quando
596 2627 668 2669 oum
689 2603 897 2668 influentibus
920 2623 1017 2686 nego-

128 2691 216 2772 paria
239 2689 361 2772 fecisti,
392 2692 493 2755 instar
517 2691 702 2755 refectionis
731 2688 893 2754 existimas
916 2693 1018 2751 muta-

80 2958 84 2977 ⁵
120 2964 298 3015 lciuitatnm
315 2962 362 3026 ΠΙ
379 2965 524 3028 praecibus
542 2967 576 3012 R:
600 2965 725 3030 presidiis
743 2963 771 3008 M
790 2963 794 3024 Ι
815 2962 934 3010 occurrit
951 2963 984 3008 W
1003 2958 1016 3026 ll

93 3040 164 3093 qum
185 3049 233 3083 om.
253 3034 276 3079 Β
308 3031 312 3095 Ι
345 3033 491 3082 clementia
514 3034 559 3081 cui
576 3035 599 3080 Β
623 3031 777 3082 clementia.
806 3043 886 3092 quam
910 3036 940 3079 tu
964 3044 1019 3076 non

178 3102 250 3152 misc.
271 3099 331 3160 pare.
350 3100 384 3148 II
403 3101 443 3148 19.
467 3097 477 3164 ll
498 3102 513 3149 ‘I
536 3104 566 3149 tu
584 3107 610 3149 et
628 3102 758 3164 operatus
776 3099 812 3146 R:
838 3113 883 3146 om.
901 3096 929 3143 Η
952 3093 962 3159 ΙΙ
989 3098 1019 3144 10

122 3165 129 3177 “
156 3168 252 3218 atione
273 3168 310 3215 B:
338 3167 515 3216 extimatione
532 3167 560 3214 Η
589 3164 599 3232 ΙΙ
630 3169 661 3216 11
684 3165 789 3215 sentias
811 3164 835 3211 Β
853 3177 882 3227 g:
911 3168 1018 3212 senten·

122 3234 149 3282 1
176 3234 181 3299 Ι
215 3249 232 3284 o
252 3248 334 3284 ueras
353 3234 404 3296 (uel
420 3233 513 3298 uerus)
531 3237 567 3282 R:
593 3250 609 3283 o
627 3249 692 3284 uere
711 3233 739 3278 Μ
767 3229 778 3295 ΙΙ
812 3233 843 3279 12
865 3226 960 3294 atque]
980 3230 1020 3279 liic

157 3304 180 3351 Β
201 3300 208 3366 Ι
234 3300 281 3351 dei
301 3317 381 3351 curas
399 3301 514 3352 Keiliue:
532 3302 646 3352 decoras
663 3303 696 3348 W
714 3299 824 3349 decoris
841 3297 861 3344 Β
879 3299 897 3344 0
915 3297 937 3344 V
955 3311 1021 3346 con-

118 3369 285 3423 ÷,Catanacua
302 3365 312 3432 ΙΙ
330 3372 362 3419 13
381 3373 573 3433 tumentesque
591 3371 612 3418 B
630 3371 676 3416 W:
696 3369 877 3432 timentesque
896 3366 914 3411 0
931 3361 975 3430 Vll
989 3367 1020 3415 17

118 3438 278 3489 eLr'uineiua
301 3434 311 3501 ss
338 3437 368 3486 18
387 3451 486 3486 numen
504 3439 565 3487 add.
583 3438 658 3489 edd:
676 3452 723 3486 om.
740 3435 768 3482 Η
786 3431 797 3499 ΙΙ
817 3436 850 3483 20
868 3435 971 3483 terram
987 3434 1021 3482 W

68 3527 117 3840 [ιι
130 3504 259 3572 iungeris
277 3505 355 3567 fang.
373 3504 394 3551 B
411 3504 531 3570 fungens
550 3505 626 3569 sung.
646 3517 670 3552 w
691 3501 700 3568 l
723 3504 755 3552 29
774 3501 971 3552 imationemc
