2406 4012
246 63 913 174 unninienonuinnnenun

186 247 976 350 Pnunounious

300 415 511 466 THEODOSIO
532 413 701 465 AUGUSTO
720 414 862 465 DICTUS.

160 564 187 629 Ι.
217 564 251 629 Si
273 565 344 648 quis
366 586 519 648 umquam
540 564 613 646 fuit,
636 564 811 646 imperator
833 566 990 648 Auguste,
1013 566 1092 648 quis

98 652 131 715 te
151 651 322 732 praesente
344 649 484 712 dicturus
507 649 575 712 iure
590 649 809 731 trepidauerit,
834 671 906 712 eurn
920 649 1067 732 profecto

97 755 150 799 me
174 754 247 830 'esse
275 735 308 796 et
335 733 416 830 ipse
432 734 535 797 sentio
564 736 595 830 et
623 731 675 797 his
703 734 758 816 qui
786 734 953 798 consilium
976 736 1067 799 tuum

97 817 424 966 tutatuta
439 818 1067 985 ittttttutttssttttttdt

97 1006 194 1070 porro
222 985 308 1049 ultra
335 1007 430 1068 quam
464 987 543 1049 alias
570 984 770 1068 praedicatus
799 1007 833 1048 es
861 986 896 1047 in
924 1007 961 1048 ea
988 986 1067 1050 urbe
1080 1007 1106 1045 ιο

99 1071 273 1135 conueniat
295 1069 430 1134 dicendo
460 1069 614 1135 celebrari
638 1069 726 1133 cuius
756 1072 789 1132 et
809 1069 991 1132 libertatem
1017 1091 1067 1133 ar·

98 1157 205 1219 matus
227 1154 390 1218 asseruisti
414 1156 446 1218 et
468 1154 585 1217 auxisti
608 1153 799 1236 dignitatern
821 1156 967 1238 togatus:
1005 1174 1067 1236 quo

96 1239 230 1303 tandem
251 1238 343 1303 modo
360 1239 511 1322 consequi
532 1238 731 1301 maiestatem
746 1238 910 1319 utriusque
926 1240 1067 1301 uestrum
1137 1306 1140 1310 Α

97 1324 244 1387 oratione
277 1344 348 1387 mea
375 1323 512 1406 potero?
561 1324 621 1386 hoc
648 1323 819 1406 praecipue
851 1323 886 1385 in
913 1325 1067 1405 tempore,

98 1429 162 1492 quo
184 1407 230 1471 ita
250 1410 362 1471 mutuo
386 1409 479 1472 ambo
496 1408 640 1472 creuistis
663 1412 699 1472 ut
718 1429 777 1473 nec
792 1410 829 1472 tu
843 1408 941 1471 fueris
964 1406 1067 1471 adhuc
1081 1425 1108 1466 15

97 1492 202 1556 maior
221 1513 281 1557 nec
303 1492 360 1555 illa
381 1491 516 1556 felicior.
549 1490 612 1556 huc
635 1494 758 1556 accedit
779 1492 906 1556 auditor
928 1495 1067 1573 sanatae,

100 1577 152 1641 cui
181 1597 253 1640 cum
276 1575 405 1640 difficile
434 1577 476 1641 sit
497 1598 555 1660 pro
583 1597 689 1640 amore
711 1597 772 1659 quo
795 1577 882 1639 inte
905 1575 1068 1658 praeditus

99 1662 150 1726 est
172 1660 211 1725 de
233 1664 265 1724 te
287 1661 365 1725 satis
387 1660 471 1744 fieri,
494 1667 565 1724 tum
587 1659 750 1723 difficilius
772 1680 830 1742 pro
853 1659 1000 1742 ingenita
1021 1661 1068 1721 at-

99 1766 162 1829 que
190 1744 383 1809 hereditaria
416 1745 527 1809 orandi
554 1742 708 1807 facultate
742 1763 809 1806 non
841 1763 910 1806 esse
937 1742 1067 1805 fastidio

98 1830 212 1894 rudem
236 1828 323 1894 hunc
350 1832 384 1893 et
407 1828 565 1893 incultum
586 1826 791 1909 Transalpini
820 1827 974 1889 sermonis
996 1825 1067 1888 hor·
1080 1845 1106 1886 ao

99 1934 216 1994 rorem,
239 1914 428 1997 praesertim
451 1935 523 1977 cum
539 1912 693 1978 absurdae
716 1911 927 1994 sinistraeque
946 1911 1068 1974 iactan-

98 1998 165 2063 tiae
191 1998 295 2081 possit
326 1998 429 2062 uideri
457 1997 507 2061 his
534 2000 698 2062 ·ostentare
725 1995 908 2060 facundiam
934 2017 1068 2081 quorum

101 2082 140 2146 de
162 2082 251 2146 fonte
272 2086 459 2146 manantem
481 2083 516 2145 in
538 2085 664 2146 nostros
686 2102 786 2164 usque
811 2102 886 2144 usus
909 2080 1067 2145 deriuatio

100 2188 174 2230 sera
192 2167 344 2232 traduxit.
374 2167 488 2250 quibus
512 2189 528 2230 e
552 2167 656 2230 uidem
679 2166 829 2249 cogitatis
853 2165 931 2230 adeo
954 2166 1068 2231 sollici-

100 2256 152 2315 tor
173 2254 298 2315 utnon
320 2273 373 2315 eos
388 2253 516 2316 tantum
530 2189 631 2315 lindie
653 2250 789 2314 arbitrer
811 2251 965 2315 interesse
988 2271 1067 2334 quos
1081 2267 1107 2306 2⁵

102 2356 213 2420 cerno,
246 2336 301 2401 sed
338 2336 487 2401 assistere
520 2334 744 2416 obuersarique
779 2333 901 2396 dicturo
929 2333 1068 2397 Catones

101 2420 190 2502 ipsos
219 2423 252 2483 et
278 2419 399 2484 Tullios
427 2426 460 2483 et
481 2418 671 2482 Hortensios
700 2437 873 2498 omnesque
901 2415 973 2480 illos
1001 2437 1069 2479 ora-

171 2659 264 2708 tiure
280 2658 369 2709 Bera:
388 2658 428 2708 ire
446 2660 474 2706 Η
497 2656 501 2722 Ι
524 2659 553 2706 11
573 2656 703 2705 libertate
721 2652 770 2719 All
793 2656 823 2703 12
842 2658 955 2719 togatus
972 2669 1019 2702 cm.
1038 2653 1071 2701 W

100 2726 109 2789 p
128 2726 161 2775 15
179 2726 260 2776 ambo
278 2726 319 2776 ita
337 2731 430 2775 mutuo
448 2727 465 2774 G
519 2726 550 2774 18
568 2721 635 2788 tum]
656 2738 716 2772 cum
734 2724 755 2771 Δ
774 2730 866 2772 tamen
884 2724 901 2769 0
923 2718 932 2784 ΙΙ
953 2722 986 2771 22
1005 2734 1070 2783 quo-

340 2801 405 2830 Olum

102 2858 161 2893 rum
181 2842 216 2893 de
240 2842 332 2909 (quam
359 2842 420 2906 de)
444 2843 582 2893 Boethius:
609 2840 741 2905 quamde
760 2841 868 2891 deorum
886 2839 913 2886 H
936 2853 1019 2903 quam
1036 2837 1071 2888 de

103 2925 198 2960 eorum
215 2911 346 2961 Acidaliae
369 2909 379 2975 ΙΙ
403 2914 436 2962 23
453 2925 539 2974 usque
557 2926 603 2960 cm.
622 2910 645 2957 A
