2406 4012
262 85 496 141 cousruurro
514 85 669 139 cursum
685 91 721 139 n.
743 91 820 141 e-e.
965 90 1028 156 135

50 236 162 324 :mgis
199 234 265 301 illis
301 234 481 301 diuinarum
515 237 672 301 mentium
710 240 890 303 uestrarum
925 240 1025 305 oculis

51 320 233 408 prouidetis
254 340 315 385 nee
336 319 438 384 solum
462 341 525 404 qua
547 321 613 385 dies
634 321 738 386 oritur
762 324 796 386 et
816 323 971 406 praeterit
993 328 1026 389 et

55 406 223 488 conditur,
250 404 307 470 sed
331 404 428 469 etiarn
456 425 495 468 ex
516 404 573 469 ills
596 405 838 490 septentrionali
859 407 957 493 pinge
979 429 1026 473 sor

52 491 156 557 lutari
175 489 279 553 beatis
301 488 373 554 luce
395 489 598 572 prouincias:
634 490 714 555 adeo
757 491 888 574 Caesar,
915 495 1026 556 uestra

52 576 91 641 in
112 576 225 640 orbem
245 576 407 638 terrerum
433 572 605 638 distributa
626 540 784 639 benetoie
809 597 909 660 prope
931 577 1052 661 plures

22 696 25 703 ·
55 662 136 725 suut
156 680 251 743 quem
273 658 414 722 deorum.
459 657 574 740 quibus
602 680 662 743 ego
690 660 718 723 si
741 660 887 725 omuibus
914 660 1025 725 immo-

54 744 124 809 rari
138 743 247 826 uelim,
269 763 372 825 neque
386 741 439 807 hic
455 742 523 806 dies
545 742 623 806 mihi
637 746 725 808 totns
743 765 847 827 neque
861 746 1025 828 proximus

56 848 164 913 noque
184 848 279 912 porro
307 827 405 891 ceteri
426 831 477 890 sat
500 829 609 911 erunt;
643 831 676 891 et
697 826 845 891 habende
872 829 954 893 ratio
978 833 1026 893 est

55 916 126 979 tem
149 913 228 994 oris,
251 909 388 977 Caesare
409 914 517 975 stante
539 911 615 976 dnm
636 912 807 994 loquimur·

156 1046 165 1061 .
205 996 423 1060 Adumbretne
445 995 512 1059 sint
532 995 632 1080 igitur
652 995 732 1061 mihi
755 994 950 1061 Sarmaticae
973 1018 1025 1060 ex·
1039 1016 1064 1056 ιο

57 1080 241 1166 peditiones
263 1080 378 1164 quibus
399 1079 456 1144 ills
471 1101 551 1164 gens
565 1101 666 1164 prope
687 1081 793 1145 omnis
815 1082 956 1146 extincta
977 1085 1027 1148 est

58 1169 94 1233 et
115 1186 217 1249 peeue
238 1185 312 1229 cum
333 1164 401 1228 solo
422 1165 554 1229 nomine
575 1165 688 1230 relicta
709 1186 771 1248 quo
792 1168 925 1251 seruiat,
948 1165 1027 1231 dent

58 1251 190 1317 ueniam
210 1248 366 1335 trophaea
380 1248 509 1313 Niliaco
529 1249 589 1313 sub
610 1250 725 1334 quibus
739 1251 897 1336 Aethiops
921 1253 954 1315 et
974 1250 1026 1314 In-

57 1335 120 1399 due
140 1333 321 1416 intremuit,
350 1336 503 1398 contente
525 1334 567 1398 sit
588 1356 667 1399 uoce
689 1334 810 1420 gloriae
832 1357 907 1399 suae
930 1334 1027 1399 etism

56 1418 205 1517 proxime
225 1418 282 1482 ille
300 1418 394 1481 ruine
409 1416 470 1483 Cur
493 1439 593 1501 orum,
616 1421 796 1482 reseruetur
817 1419 938 1483 nuntiis
960 1419 1026 1482 iam
1039 1437 1065 1478 re

56 1502 565 1671 ffiiffltiitbuieeitss
581 1501 1026 1669 {cistertiensis

57 1673 164 1755 rn‘bus3
207 1671 240 1735 di
270 1670 485 1754 immortales,
524 1673 598 1735 uoto
631 1670 770 1754 suscipio
804 1674 841 1733 ut
866 1669 945 1754 ipsis
972 1671 1027 1753 qui

57 1776 188 1842 gessere
209 1755 439 1839 praesentibus.
476 1754 532 1819 ilie
552 1777 638 1839 uero,
661 1753 777 1820 Caesar
790 1754 922 1838 inuicte,
946 1776 1026 1838 quae

58 1842 161 1905 ductu
180 1844 275 1923 etque
288 1840 432 1924 e'uspicio
455 1840 596 1903 numinis
610 1839 658 1904 tui
672 1843 766 1925 geste
784 1842 868 1923 sunt,
892 1861 1027 1924 quorum
1040 1859 1065 1898 ιο

59 1925 160 1991 etiem
174 1925 355 2007 spectaculo
370 1923 516 2003 fruimur,
533 1925 592 1989 sub
606 1925 667 1989 heo
683 1924 852 2007 oecesione
868 1924 1026 2010 dignatio-

58 2009 113 2073 nis
127 2012 202 2073 tues
224 2009 294 2073 sine
309 2008 462 2072 dilatione
478 2008 611 2073 dicende
634 2012 724 2094 sunt3
747 2031 785 2073 eo
808 2009 912 2092 magis
931 2008 1025 2092 quod,

58 2092 208 2178 quamuis
230 2093 264 2156 in
287 2093 506 2157 communibus
528 2094 575 2156 rei
597 2093 743 2177 publicae
764 2093 873 2174 bonis,
897 2113 1027 2156 neeesse

58 2178 157 2242 nobis
178 2177 315 2241 maxime
339 2180 387 2241 est
401 2177 559 2261 gratulari
581 2199 661 2260 quoe
675 2177 807 2260 proprie
828 2176 923 2240 uobis
941 2178 1025 2238 sunt.

125 2260 182 2327 VI.
208 2259 325 2326 Statim
346 2262 454 2344 itaque
470 2260 592 2326 Gallias
614 2265 695 2343 tuas,
720 2260 846 2340 Caesar,
869 2257 1027 2322 ueniendo
1040 2273 1066 2315 es

57 2346 176 2412 fecisti.
223 2346 379 2429 siquidem
401 2345 458 2408 illa
482 2345 636 2426 celeritas,
659 2364 722 2427 qus
745 2343 849 2406 omnis
871 2345 959 2405 ortus
982 2344 1027 2404 at-

58 2452 123 2515 que
145 2430 301 2495 aduentus
323 2430 371 2493 tui
392 2429 524 2494 nuntios
546 2427 765 2511 praeuertisti‚
792 2425 878 2509 cepit
899 2447 1028 2515 oppres-

58 2536 131 2579 sam
157 2514 439 2579 Gesorieoensibus
468 2513 566 2576 muris
593 2512 789 2596 pertinacem
817 2513 894 2575 tunc
922 2531 1027 2574 errore

131 2738 147 2786 2
159 2738 293 2802 praeterit
304 2737 457 2786 Paterelus:
475 2737 620 2801 proteritur
631 2736 658 2783 u
669 2733 681 2800 11
693 2738 709 2786 8
725 2735 798 2784 ratio
812 2738 855 2784 est
866 2735 889 2782 A
898 2734 930 2782 W
938 2733 1029 2784 Bere:

60 2808 107 2856 est
124 2805 195 2854 ratio
212 2805 233 2853 B
245 2806 263 2855 G
273 2805 297 2852 V
308 2801 319 2869 11
331 2806 347 2854 9
367 2818 475 2854 cesares
492 2810 571 2855 tante
589 2805 612 2852 A
622 2804 643 2852 B
656 2801 666 2867 11
680 2806 711 2852 10
729 2801 904 2852 adumbratae
920 2802 1029 2865 scripsi:

60 2872 236 2927 odoratast!
251 2870 256 2937 1
271 2873 327 2922 siut
339 2872 487 2921 Acidalius:
500 2876 564 2921 sunt
576 2872 603 2919 u
615 2867 625 2935 11
640 2873 670 2919 12
684 2884 771 2932 paene
785 2882 845 2918 cum
857 2869 877 2916 B
887 2870 904 2914 0
914 2868 948 2915 V:
967 2883 1029 2917 cum

61 2955 133 3007 pene
151 2954 212 2989 cum
229 2942 252 2989 A
271 2955 331 2989 cum
350 2954 417 3002 pene
433 2936 533 3001 (rasi
551 2936 609 2999 litt.)
628 2938 661 2986 W
681 2934 691 3002 1
713 2938 745 2986 14
764 2931 860 3000 etiam]
880 2937 909 2984 et
926 2936 944 2982 0
965 2932 975 2997 11
998 2935 1029 2984 16

59 3023 125 3059 usu.
143 3012 172 3058 et
188 3007 290 3057 mauris
308 3005 355 3073 wli
369 3008 401 3056 18
418 3013 483 3056 nota
501 3007 534 3055 W
546 3003 556 3071 11
573 3007 605 3055 23
622 3019 736 3055 necesse
754 3003 833 3052 nobis
851 3000 968 3051 maxime
988 3004 1030 3049 est

58 3074 199 3141 gratulari
218 3090 287 3139 quae
306 3074 419 3140 propria
437 3074 516 3124 nobis
535 3077 599 3123 sunt
615 3073 723 3131 scripsi:
745 3084 859 3120 neeesse
878 3068 957 3118 nobis
977 3080 1029 3131 que

58 3143 155 3208 priora
166 3142 246 3192 uobis
260 3148 325 3192 sunt
337 3142 452 3192 maxime
465 3146 529 3191 sunt
542 3139 658 3205 (scilieet
669 3136 756 3200 Bert.)
771 3136 944 3203 gratulari!
953 3133 1031 3185 Βεντ.

59 3224 177 3261 necesse
195 3214 238 3261 est
255 3224 324 3274 quae
341 3210 451 3274 propria
467 3208 548 3259 nobis
566 3210 630 3257 suut
646 3208 762 3257 maxime
775 3202 914 3270 gratulari
930 3214 954 3250 w
970 3198 981 3266 11
997 3202 1031 3250 26

58 3277 158 3329 fecisti
167 3276 258 3327 Bere:
271 3277 366 3328 uicisti
374 3278 402 3325 Ιί
416 3275 420 3341 1
437 3292 530 3327 omnes
539 3278 627 3325 motus
638 3278 720 3340 atque
731 3286 756 3322 w
768 3270 778 3337 11
791 3275 823 3323 27
834 3268 994 3336 peruertisti
1003 3270 1031 3316 1

59 3345 216 3409 prenenisti
235 3358 260 3394 w
289 3342 299 3410 11
328 3346 361 3396 28
379 3343 625 3395 Gesoriesensibus
644 3343 701 3393 Nic.
719 3341 844 3392 Loenris:
864 3336 1032 3404 gesorigiam

60 3413 192 3462 censibus
210 3414 233 3461 A
245 3412 265 3459 B
277 3412 330 3460 cv
348 3412 505 3477 gorgoniam
523 3410 614 3476 (morp.
633 3409 668 3461 al.
687 3406 833 3476 gesorigia)
851 3407 981 3461 censibus
999 3405 1032 3453 W
