2406 4012
95 169 163 224 VIII
467 169 691 223 PRAEFATIO.

96 326 156 384 uiri
179 324 261 385 docti
283 323 458 404 epistolium
480 323 636 402 quoddam
658 324 699 384 ad
717 323 899 385 Iacobinum
918 325 1068 387 Thomasi

96 408 308 469 Thebaldnoci
329 428 412 469 anno
436 408 518 467 1433
542 408 645 468 datum
667 407 705 468 ab
727 408 870 486 Augusto
889 409 1070 471 Wilmanns

96 495 129 552 in
165 494 300 554 archivio
328 493 511 552 Florentino
543 489 702 572 [Ambivio
729 493 872 554 Mediceo
899 495 1008 554 auanti
1037 494 1068 556 al
1110 544 1113 551 .

97 579 272 657 principato
294 577 365 637 filaa
386 578 426 636 96
449 596 475 636 a
496 572 571 656 439]
594 579 755 638 inuentum
773 578 928 639 Henricus
942 579 1070 640 Keiliue

96 664 130 721 in
152 670 377 742 programmate
394 661 562 743 lectionum
584 663 770 722 aestiuorum
791 683 819 722 a.
837 665 917 723 1871
941 665 976 722 in
997 665 1068 722 uni-

96 748 245 807 uersitate
266 746 410 807 Hallensi
430 744 645 806 habendarum
667 745 776 806 edidit.
817 767 857 806 en
878 746 976 808 habes
999 749 1070 808 eius

97 832 279 909 particulam
300 831 341 891 ad
363 831 576 910 quaestionem
597 839 735 891 nostram
755 833 978 910 pertinentem:

183 915 224 975 ‘A
237 915 373 987 Nicolai,
396 914 430 974 lu
452 915 545 994 quale
564 915 697 975 honorai
718 924 749 974 et
763 915 843 975 hebe
864 935 985 994 sempre
1008 933 1071 995 per

182 1001 242 1059 mio
264 1008 367 1079 petre,
390 1018 429 1059 ve
450 1017 547 1078 prego
570 1018 619 1059 me
641 1000 861 1061 ascomandate
882 1001 997 1079 prima,
1027 1000 1072 1060 da

182 1086 235 1162 poi
255 1086 287 1144 le
309 1084 423 1144 dirrete
450 1083 507 1143 ohe
528 1083 562 1142 lu
582 1084 642 1142 mio
670 1084 787 1145 andare
809 1103 899 1145 verso
923 1083 1069 1163 (bologne

181 1187 246 1227 non
269 1167 286 1228 d
308 1175 388 1227 stato
410 1186 502 1227 sensa
523 1167 629 1242 frutto‚
652 1169 727 1246 perb
751 1169 807 1228 ohe
829 1170 859 1229 io
880 1169 921 1228 ho
943 1177 1070 1228 trovato

181 1253 215 1311 in
237 1270 301 1311 una
322 1251 511 1313 bibliotheca
537 1251 733 1330 aMagunua
759 1274 802 1312 un
825 1253 945 1325 codice,
975 1253 1010 1310 in
1034 1252 1068 1312 ln

182 1335 275 1415 quale
302 1336 328 1395 si
358 1335 374 1396 b
401 1356 445 1396 un
468 1337 659 1416 panegyrico
683 1336 722 1398 de
743 1338 846 1397 Plinio
875 1357 894 1394 a
914 1337 1067 1410 Traiano,

184 1419 225 1479 da
243 1421 288 1479 lui
308 1419 399 1499 quale
421 1440 486 1481 non
506 1420 586 1481 lesse
607 1423 668 1481 mai
683 1421 738 1501 piis
758 1440 853 1482 suave
875 1440 955 1493 cosa,
979 1428 1011 1480 et
1032 1421 1069 1479 in

182 1505 292 1565 eodem
319 1502 425 1564 codice
451 1513 525 1565 sunt
552 1508 735 1587 panegyrici
767 1506 897 1566 aliorum
924 1512 1070 1564 autorum

182 1589 222 1650 ad
246 1589 384 1649 diversos
407 1587 576 1650 Caesares-³

160 1674 210 1734 De
231 1673 361 1733 Ioannis
379 1673 533 1755 Autispae
557 1675 589 1733 in
606 1674 805 1735 Germaniam
826 1675 940 1732 itinere
963 1673 1068 1750 deque

96 1758 300 1819 bibliothecae
324 1757 472 1819 ecclesiae
493 1759 750 1838 metropolitanae
769 1758 971 1835 Maguntinae
993 1755 1071 1816 fatis

98 1842 265 1918 diligenter
291 1844 356 1919 egit
379 1842 502 1901 Keilius
528 1841 627 1901 libelli
654 1842 773 1902 laudati
801 1862 853 1920 pp.
881 1839 1069 1902 Iv—VHI.

98 1927 151 2004 qui
178 1926 261 2003 quod
289 1944 327 1984 ex
348 1925 502 2003 Aurispae
529 1924 633 1984 uerbis
661 1925 704 1984 ib.
731 1946 762 2005 p.
785 1925 868 1984 VIII
895 1925 1069 1985 rectissime

98 2009 247 2070 conclusit
274 2008 346 2069 ilico
376 2006 540 2068 subiciam:
584 2009 629 2068 ‘et
655 2010 723 2088 ipse
750 2008 886 2088 Aurispa
918 2011 957 2069 iis
985 2028 1070 2088 quae

97 2093 205 2154 scribit
236 2111 270 2153 se
297 2111 361 2151 non
388 2093 514 2154 nouisse
547 2111 598 2153 eas
631 2095 785 2153 orationes
814 2094 932 2154 indicat
963 2111 1069 2171 neque

98 2186 171 2239 ante
200 2196 269 2237 eum
294 2177 360 2237 ulla
388 2195 494 2237 eorum
520 2178 637 2238 mentio
663 2179 747 2258 apud
773 2179 869 2239 Italos
896 2177 980 2237 facta
1008 2186 1069 2240 est.

97 2261 153 2322 sed
168 2270 240 2341 post
261 2281 328 2322 eam
350 2269 483 2323 aetatem
504 2262 593 2322 multi
607 2262 730 2323 codices
751 2262 873 2323 illarum
893 2263 1071 2323 orationum

96 2347 129 2406 in
158 2346 253 2408 Italia
279 2347 386 2426 scripti
413 2354 487 2407 sunt
513 2348 597 2426 iique
627 2349 797 2427 scripturae
823 2366 938 2426 genere
969 2354 1004 2404 ut
1032 2347 1069 2406 in

95 2431 192 2491 Plinii
220 2432 359 2493 oratione
380 2433 425 2492 ita
452 2433 485 2491 in
507 2432 635 2512 reliquis
658 2433 737 2494 adeo
765 2433 846 2492 inter
873 2450 907 2491 se
936 2449 1069 2490 consen·

97 2517 210 2576 tientes
238 2524 273 2576 ut
302 2516 437 2576 dubitari
469 2524 605 2596 nequeat
632 2519 707 2596 quin
736 2536 776 2577 ex
802 2535 865 2576 uno
894 2514 1069 2594 archetypo

96 2608 161 2659 tum
183 2600 314 2678 primum
335 2601 465 2659 inuento
488 2619 595 2659 omnes
618 2601 702 2660 ducti
723 2601 809 2659 sint?

160 2683 210 2743 Ex
237 2682 296 2742 boc
324 2683 417 2760 igitur
446 2683 614 2761 archetypo
640 2684 826 2761 Maguntino
857 2680 924 2759 (ut)
953 2681 1069 2760 quibus

97 2765 242 2844 gradibus
265 2764 387 2827 codices
409 2767 508 2826 nostri
534 2766 652 2826 nouicii
675 2765 894 2827 descenderint
915 2768 976 2826 iam
999 2785 1070 2827 oum

97 2872 171 2912 cura
193 2851 427 2929 disquirendum
449 2859 505 2913 est.
535 2850 614 2911 nihil
636 2852 718 2910 enim
740 2850 778 2911 ab
794 2852 876 2910 omni
898 2859 986 2929 parte
1008 2850 1069 2910 fal·

97 2935 160 2994 sius
188 2934 255 2995 uidi
283 2954 374 3014 quam
401 2934 484 3015 quod
510 2935 633 2996 Keilius
663 2933 779 3016 [praef.
803 2936 887 2995 Plin.
916 2956 947 3014 p.
969 2931 1068 3014 XLI]

97 3021 215 3099 posuit,
238 3021 270 3079 in
294 3029 393 3080 certas
415 3018 528 3081 classes
549 3020 644 3081 libros
667 3020 775 3099 quinto
799 3019 917 3080 decimo
940 3019 1069 3078 saeculo

98 3122 136 3163 ex
162 3123 225 3164 nno
254 3103 424 3186 archetypo
453 3105 623 3184 descriptos
647 3103 831 3166 distribuere
859 3103 943 3164 uelle
969 3103 1070 3164 inane

97 3188 277 3268 plerumque
300 3196 331 3250 et
352 3208 461 3269 parum
482 3189 672 3250 fructuosum
693 3191 852 3267 negotium
874 3206 950 3250 esse.

163 3271 364 3334 Communem
379 3272 536 3353 quandam
558 3276 708 3353 originem
723 3274 804 3335 clare
823 3283 855 3334 et
869 3280 976 3352 aperte
990 3291 1068 3350 prae

98 3375 132 3417 se
153 3357 257 3418 ferunt
275 3358 348 3419 libri
362 3359 560 3420 Monacensis
576 3360 636 3419 309
655 3354 722 3437 (m),
738 3357 993 3420 vindobonensis
1010 3353 1067 3434 (n),

97 3440 283 3520 Reginensis
308 3437 366 3522 (r):
404 3452 467 3504 tam
494 3445 674 3523 conspirans
696 3444 791 3522 idque
817 3441 973 3522 singulare
1000 3460 1068 3499 cor-
