2406 4012
278 109 491 160 oasrmauu
508 109 619 160 norro
637 110 800 163 rumano.
818 114 893 163 4-7.
1005 109 1068 173 249

97 258 213 328 florem
236 257 376 339 corporis
398 258 596 339 peremisset.
642 261 677 322 at
698 258 733 321 in
755 258 928 323 uirtutibus
949 261 1068 343 princi·

97 343 151 426 pis
179 341 283 406 nostri
310 344 432 423 quanto
460 345 548 405 aetas
576 342 743 426 prolixior,
770 347 862 408 tanto
889 343 1068 428 pulcritudo

98 425 326 511 praestantior.

164 509 221 574 VI.
250 508 345 572 Mitto
369 511 518 572 cunctam
532 510 713 575 barbariam
736 512 886 576 aduersus
909 512 1068 576 uindicem

98 595 264 660 Romanae
290 592 449 657 libertatis
483 594 518 658 in
548 616 638 658 arma
673 601 864 661 commotam
894 601 1094 682 gentesquea

98 700 213 743 recens
231 678 334 742 uictas
356 677 526 742 aduersum
544 679 656 763 iugum
679 702 781 763 nuper
797 682 981 764 impositum
1004 702 1069 744 cer·

97 764 172 828 uice
194 761 291 825 dubia
312 766 517 826 contumaces
541 767 573 827 et
594 764 629 826 in
650 763 828 828 rediuiuum
851 765 992 829 furorem
1015 786 1069 829 ne-

96 847 209 926 fandis
232 846 368 910 stimulis
392 848 556 911 excitatas.
585 869 665 931 quae
688 849 796 912 omnia
818 850 1014 913 obstinatam
1037 853 1070 911 et

98 931 298 997 immobilem
323 931 478 1015 principis
506 932 636 994 maximi
658 932 789 996 tandem
818 935 923 997 uicere
944 933 1069 1015 patien-

97 1017 191 1080 tiam.
238 1016 346 1098 itaque
380 1036 452 1078 cum
489 1016 522 1078 in
555 1016 625 1098 ipso
663 1017 826 1082 molimine
859 1017 1069 1102 oppressisset
1083 1036 1107 1074 lo

99 1101 329 1164 Alamanniam
357 1100 583 1182 rebellantem,
617 1102 672 1184 qui
699 1103 793 1185 paulo
822 1106 897 1166 ante
925 1101 1069 1165 inaudita

99 1186 270 1270 regionum
284 1183 454 1247 fluuiorum
474 1186 632 1249 montium
648 1188 779 1251 nomina
794 1187 934 1251 exercitu
948 1187 1069 1250 uictore

99 1271 346 1353 peragrauerat,
382 1291 439 1352 per
471 1268 584 1332 ultima
610 1270 750 1335 ferarum
779 1273 925 1356 gentium
957 1292 1069 1355 regna,

101 1353 226 1418 calcata
247 1374 360 1436 regum
386 1353 491 1437 capita
513 1355 735 1436 supcruolans,
765 1357 798 1419 in
821 1356 927 1419 medio
948 1355 1070 1439 Illyrici

100 1439 176 1502 sinu
197 1437 388 1519 improuisus
411 1439 568 1520 apparuit.
601 1439 738 1503 uidimus
761 1440 869 1502 felices
891 1439 976 1502 illius
999 1439 1107 1509 uisere

100 1522 235 1587 comites
257 1524 431 1605 stupentes,
453 1521 580 1585 urbium
598 1523 733 1606 populos
757 1523 918 1586 dubitasse
942 1523 1070 1586 credere

100 1627 184 1691 quae
220 1606 383 1669 uidebant.
434 1627 501 1670 non
537 1607 630 1670 aliter
673 1609 895 1671 consternatas
932 1607 1069 1670 arbitror

99 1693 217 1776 gentes
239 1711 320 1774 quae
334 1691 455 1773 primae
470 1691 595 1772 lapsum
611 1691 698 1754 caelo
714 1713 865 1774 excepere
879 1690 1068 1755 Palladium.

100 1775 247 1859 uirgines
263 1775 364 1858 pueri,
388 1777 456 1838 atri
469 1775 618 1855 feminae,
641 1778 794 1840 tremulae
817 1797 907 1858 anus,
927 1776 1069 1840 tituban-

98 1863 152 1924 tes
175 1881 266 1923 senes
288 1880 356 1923 non
370 1860 440 1921 sine
455 1880 573 1943 magno
595 1861 726 1924 attoniti
741 1861 873 1926 horrore
896 1862 1070 1925 cernebant
1082 1880 1107 1919 ao

99 1945 326 2026 imperatorem
356 1943 489 2027 longam
521 1945 607 2007 uiam
640 1945 699 2009 sub
727 1947 874 2031 grauium
909 1967 1070 2011 armorum

100 2049 199 2092 onere
227 2031 422 2108 currentem,
452 2029 654 2111 properantis
678 2030 855 2095 anhelitum
883 2031 952 2094 sine
974 2052 1071 2093 sensu

99 2112 301 2176 lassitudinis
334 2111 542 2195 crebriorem,
579 2113 731 2177 sudorum
763 2116 852 2178 riuos
885 2136 942 2196 per
973 2114 1071 2176 fortia

101 2197 185 2262 colla
212 2198 380 2259 manantes
409 2199 441 2259 et
468 2197 552 2260 inter
579 2198 671 2260 illum
692 2199 832 2280 pulueris
860 2199 914 2280 qui
936 2197 1070 2260 barbam

102 2284 136 2345 et
173 2280 322 2363 capillum
360 2283 509 2344 onerarat
545 2280 709 2344 horrorem
749 2281 904 2345 micantia
939 2281 1069 2344 sidereis
1083 2299 1108 2338 2⁵

100 2365 232 2450 ignibus
248 2365 379 2429 lumina.
409 2385 505 2428 uoces
524 2365 734 2448 gaudentium
757 2369 960 2449 oppresserat
976 2365 1070 2427 mira·

102 2450 168 2514 culi
186 2449 385 2534 magnitudo.
415 2449 582 2513 cessabant
597 2449 705 2513 officia
720 2449 873 2514 laudandi
888 2450 959 2532 plus
975 2470 1070 2532 quam

100 2534 265 2598 laudanda
288 2533 503 2597 cernentibus.

167 2617 238 2682 VII.
284 2616 435 2683 Sufficere
463 2618 590 2700 quidem
617 2622 745 2701 poterat
772 2620 811 2683 ad
835 2618 1069 2705 expeditionem

101 2702 318 2786 praesentium
352 2703 554 2787 negotiorum
587 2705 654 2767 sola
680 2706 879 2788 properatio,
918 2704 972 2769 sed
1005 2722 1108 2767 nonae

170 2960 187 3007 4
206 2959 323 3010 barbara
340 2961 362 3007 Δ
379 2956 390 3024 ll
407 2960 422 3006 6
442 2973 539 3008 recens
557 2959 648 3008 uictas
662 2960 789 3022 Loapr'us:
808 2959 977 3008 recensuitas
988 2959 1071 3006 ABV

100 3025 177 3078 Bari.
195 3027 348 3078 recensitas
367 3028 384 3074 0
402 3026 568 3076 reeenssitas
587 3039 612 3073 w
631 3023 636 3089 Ι
656 3031 685 3076 et
702 3026 847 3075 aduersum
864 3028 903 3085 13
923 3030 951 3075 et
969 3024 1008 3074 liic
1026 3027 1070 3074 de-

100 3095 159 3144 leat.
191 3095 239 3144 sed
259 3095 321 3144 adu.
340 3095 471 3144 Liuineius
500 3091 510 3158 n
541 3096 555 3142 7
579 3099 607 3143 et
624 3094 654 3142 in
671 3095 780 3158 scripsi:
806 3094 836 3143 in
852 3096 880 3141 Ι
909 3091 919 3157 ΙΙ
950 3094 981 3141 10
1002 3093 1030 3141 in
1047 3092 1070 3138 Δ

101 3161 192 3211 Besa:
210 3178 256 3212 one.
275 3163 295 3209 B
314 3164 331 3210 0
350 3163 372 3209 V
388 3160 421 3208 W
442 3158 452 3225 ΙΙ
474 3162 506 3211 10
524 3161 587 3210 sinu
605 3162 639 3210 A:
659 3161 735 3211 sinus
754 3160 774 3208 B
792 3163 809 3210 0
828 3162 850 3208 V
868 3162 900 3210 W
919 3158 924 3224 Ι
944 3160 1006 3208 uiae
1025 3174 1069 3208 co·

100 3229 182 3279 mites
200 3229 223 3277 Δ
240 3228 329 3280 aera.-
356 3230 471 3279 comites
493 3229 556 3278 niae
578 3229 598 3277 B
617 3229 634 3277 0
652 3230 674 3276 V
693 3228 725 3276 W
754 3226 764 3293 ΙΙ
795 3231 827 3279 18
849 3229 953 3293 primae
977 3227 1070 3291 Casa:

100 3297 189 3361 primo
201 3299 229 3344 Ι
248 3296 433 3362 prolapsumg
450 3294 460 3360 ΙΙ
478 3297 510 3346 19
527 3296 582 3345 uiri
599 3298 704 3347 addidi:
721 3312 768 3347 om.
780 3298 808 3343 Ι
824 3295 834 3361 ΙΙ
851 3299 884 3345 22
903 3309 986 3345 sensu
997 3297 1019 3343 Δ
1032 3308 1068 3342 w:

100 3379 182 3480 {essu
199 3371 258 3414 cett.
276 3362 286 3429 ΙΙ
307 3367 340 3415 26
358 3362 485 3414 miracoli
503 3378 551 3414 om.
570 3365 593 3411 Δ
609 3361 619 3428 ΙΙ
641 3366 673 3413 29
692 3367 802 3429 poterat
820 3381 866 3415 om.
885 3366 911 3427 0,
930 3365 995 3413 rende
1015 3363 1070 3413 sul-

122 3435 199 3482 eeret
215 3434 273 3482 edd.
