2406 4012
514 213 546 263 V.
576 210 727 264 INOERTI
743 209 825 263 PAN.

643 396 675 467 V

483 545 856 645 INOERTI

248 693 557 762 annueramus
588 693 865 761 consulario
898 694 1090 761 carenni
1182 672 1194 793 ᾗ

552 817 578 866 n
596 816 610 866 1
628 816 649 866 o
668 816 690 865 r
707 816 734 866 u
752 815 782 866 a.
1190 800 1194 845 Ι

158 985 172 1027 e
249 965 276 1030 I.
306 964 341 1030 Si
362 965 452 1049 mihi,
475 964 592 1030 Caesar
611 965 742 1047 inuicte,
764 967 840 1047 poet
854 964 1044 1028 diuturnum
1060 963 1148 1028 ailen-

185 1050 266 1115 tium
294 1050 361 1115 sola
390 1054 473 1114 esset
500 1049 657 1115 uincenda
680 1047 851 1132 trepidatio
882 1068 945 1131 qua
970 1048 1149 1113 rudimenta

185 1135 341 1218 quaedam
363 1134 452 1198 uocis
466 1155 555 1197 meae
577 1154 685 1197 rursus
709 1132 868 1215 experior:
892 1131 978 1196 haud
993 1132 1149 1197 immerito

185 1240 236 1282 me
259 1219 343 1282 ultra
370 1239 466 1299 quam
488 1221 575 1280 aetas
604 1219 636 1281 et
658 1217 948 1301 quantulacumque
970 1217 1070 1281 studii
1090 1214 1150 1281 mei

186 1302 286 1365 ferret
314 1301 422 1383 opinio
448 1301 627 1384 perturbari
650 1301 832 1384 confiterer,
862 1301 1056 1384 praesertim
1083 1322 1150 1365 cum

148 1409 173 1448 ιο
187 1388 266 1469 aput
293 1386 492 1449 maiestatem
522 1389 610 1449 tuam
644 1385 753 1449 diuina
786 1385 941 1449 uirtutum
974 1388 1151 1450 uestrarum

186 1469 340 1535 miracula
354 1470 582 1553 praedicarem.
607 1491 670 1552 quo
684 1469 720 1533 in
730 1490 848 1553 genere
863 1469 1020 1533 orationis
1035 1472 1151 1553 quanta

188 1559 272 1619 esset
295 1576 379 1637 cura,
403 1557 540 1638 quantus
561 1553 660 1636 labor,
687 1575 782 1636 quam
804 1553 941 1617 sollicita
962 1553 1151 1632 lucubratio,

187 1640 273 1705 sensi
295 1640 407 1724 etiam,
437 1661 508 1703 oum
535 1639 570 1701 in
598 1638 761 1702 cotidiana
788 1638 844 1701 illa
865 1637 1083 1703 instituendae
1108 1638 1152 1701 iu-

187 1725 328 1789 uentutis
357 1723 585 1788 exercitatione
613 1742 775 1804 uersarer,
802 1722 950 1806 quamuis
978 1722 1023 1786 ibi
1051 1722 1152 1806 prima

150 1829 176 1870 15
187 1812 267 1873 tunc
295 1810 330 1872 in
356 1811 578 1872 renascentem
605 1806 836 1889 rempublicam
857 1807 960 1889 patris
989 1828 1028 1870 ac
1049 1806 1153 1890 patrui

187 1894 236 1954 tui
258 1892 386 1971 merita,
413 1892 489 1955 licet
512 1889 645 1955 dicendo
668 1911 803 1974 aequare
825 1911 891 1954 non
911 1911 1057 1975 possem,
1085 1912 1154 1975 pos-

188 1995 256 2038 sem
277 1978 386 2037 tamen
412 1996 576 2038 recensere
603 1975 830 2038 enumerando
875 1974 931 2038 sed
953 1995 1027 2038 cum
1051 1978 1085 2039 et
1105 1995 1154 2039 me

188 2080 227 2121 ex
249 2058 305 2121 illo
320 2061 427 2123 uetere
450 2058 607 2122 curriculo
630 2062 685 2123 aut
699 2059 785 2123 inter
805 2058 902 2142 adyta
916 2058 1036 2122 Palatii
1057 2058 1155 2123 uestri

188 2142 251 2206 alia
278 2142 434 2226 quaedam
462 2142 618 2208 sermonis
649 2144 756 2207 arcani
784 2143 867 2207 ratio
895 2142 1073 2207 demouerit
1101 2145 1155 2207 aut

149 2248 175 2290 ao
187 2231 263 2312 post
276 2226 434 2291 indultam
456 2249 475 2290 a
489 2228 609 2311 pietate
629 2230 737 2292 uestra
751 2226 892 2310 quietem
913 2226 1055 2291 studium
1074 2226 1154 2291 ruris

189 2312 358 2377 abduxerit
379 2316 412 2377 et
432 2334 491 2377 uos
512 2313 643 2377 interim
665 2311 790 2375 nullum
812 2310 1014 2375 ulciscendae
1038 2332 1155 2396 augen-

189 2399 310 2482 daeque
333 2398 378 2462 rei
399 2398 547 2482 publicae
569 2418 704 2461 uacuum
725 2399 852 2478 tempus
874 2395 1058 2479 amiseritis,
1084 2416 1155 2460 curn

188 2486 239 2546 tot
253 2488 366 2581 postea
387 2484 505 2547 uirtute
527 2486 635 2547 uestra
649 2482 760 2564 partae
780 2480 944 2562 uictoriae,
968 2482 1017 2544 tot
1033 2480 1156 2545 excisae

188 2568 329 2651 nnd1que
351 2568 506 2631 barbarae
528 2566 686 2647 nationes,
709 2567 760 2628 tot
782 2563 929 2627 translati
951 2564 1018 2628 sint
1041 2565 1077 2628 in
1094 2562 1156 2627 Ro·

150 2669 285 2712 remane
316 2649 468 2731 culturae,
503 2654 546 2713 tot
575 2647 692 2730 prolati
724 2648 858 2730 limites,
893 2650 944 2711 tot
969 2648 1157 2731 prouinciae

258 2854 273 2902 5
292 2851 394 2901 inuicte
413 2866 460 2901 am.
474 2851 490 2898 0
506 2848 517 2915 ΙΙ
535 2853 565 2901 11
585 2851 718 2901 miracula
735 2859 887 2902 uestrarum
909 2853 1013 2908 NV!
1033 2852 1158 2918 predica·

190 2920 241 2968 rim
260 2934 276 2984 ς
292 2916 302 2983 11
322 2920 352 2968 12
371 2917 524 2969 lucubratio
542 2934 603 2983 epo:
621 2921 762 2970 ueneratio
780 2923 808 2968 Μ
824 2918 835 2986 ΙΙ
854 2923 886 2970 14
903 2920 942 2970 ibi
958 2923 1069 2985 scripsi:
1087 2920 1158 2969 onim

188 2987 216 3034 Μ
233 2983 243 3051 ΙΙ
263 2988 293 3035 16
311 2985 423 3035 dicendo
441 3002 489 3038 om.
509 2988 526 3035 0
547 2982 558 3052 Η
579 2988 610 3037 17
629 3001 776 3039 recensere
794 2990 811 3037 0
830 2988 919 3038 Bert:
937 2987 983 3037 uel
1003 3002 1116 3039 censere
1132 2989 1159 3037 Ι

192 3052 195 3117 i
220 3053 403 3105 enumerando
422 3069 482 3119 epo:
501 3054 669 3104 numerando
686 3056 713 3102 ld
740 3055 744 3119 Ι
772 3070 832 3105 cum
851 3059 879 3105 et
897 3071 940 3105 me
959 3070 994 3105 ex
1012 3054 1159 3106 Liuineius:

191 3138 254 3172 cum
272 3126 299 3172 et
317 3122 346 3170 in
366 3137 397 3170 eo
416 3121 436 3168 B
455 3123 472 3170 0
489 3122 511 3169 V
535 3125 563 3173 et
581 3137 640 3172 cum
659 3128 688 3173 et
705 3138 764 3173 meo
783 3124 806 3170 A
828 3127 855 3171 et
873 3138 933 3172 cum
955 3123 985 3172 in
1002 3138 1066 3174 mco
1084 3122 1159 3173 Bari.

191 3205 252 3241 eum
269 3204 312 3239 me
331 3190 359 3238 in
378 3204 410 3238 eo
429 3202 454 3237 w
465 3186 475 3253 ΙΙ
489 3192 521 3240 18
540 3194 637 3240 curric.
655 3189 705 3239 illo
725 3188 992 3255 uetereBert.l19
1011 3186 1081 3256 alia]
1100 3190 1159 3239 alta

189 3259 305 3322 Lanpiua
318 3253 328 3321 ΙΙ
340 3258 371 3305 21
390 3256 501 3306 interim
518 3273 566 3311 om.
578 3258 612 3304 W
629 3258 703 3307 inter
719 3258 742 3306 A
757 3254 762 3322 Ι
778 3258 972 3323 augendaeque
991 3259 1038 3307 W:
1058 3272 1159 3323 augen-

191 3326 272 3390 dique
290 3325 313 3374 A
331 3324 471 3389 augendae
489 3325 573 3374 BGV
591 3323 601 3390 11
622 3327 655 3375 22
674 3329 780 3389 tempus
800 3341 846 3375 om.
864 3328 881 3375 0
903 3323 913 3390 Ι]
934 3327 968 3375 24
985 3326 1014 3375 in
1033 3325 1159 3378 Romana

192 3393 293 3444 Liuia:
316 3392 345 3440 in
364 3407 446 3441 roma.
468 3391 497 3441 in
514 3407 627 3443 romana
644 3393 667 3442 A
684 3391 713 3440 in
731 3391 845 3442 Romam
861 3392 936 3444 Bert.
959 3394 989 3442 in
1007 3407 1085 3443 roma
1101 3391 1124 3440 B
1141 3394 1159 3441 0

190 3459 220 3506 in
237 3474 313 3572 rppra
330 3461 360 3509 in
378 3460 488 3509 romaV
505 3476 569 3511 rura
586 3462 615 3510 in
634 3474 746 3510 romana
762 3472 787 3507 w
799 3457 809 3525 ΙΙ
822 3462 855 3510 25
873 3464 916 3511 tot
933 3462 994 3511 add.
1010 3461 1159 3513 Acidaliae:

191 3541 238 3575 om.
