2406 4012
295 118 506 170 THEODOSIO
525 118 696 170 AUGUSTO
714 118 748 169 D.
767 121 876 170 25—27.
1007 119 1069 184 295

96 273 172 335 uias
204 268 366 350 saltusque
397 267 522 332 obsidet
554 271 590 331 ut
616 267 801 331 thesaurum
834 271 939 332 struat
971 273 1068 352 atque

96 353 243 419 defodiat
258 354 290 416 et
305 373 376 416 cum
392 351 509 415 scelere
526 351 623 416 miser
638 352 690 433 sit,
714 352 767 415 sed
783 355 820 415 ut
834 353 928 436 gulae
949 356 1069 417 uentri·

96 436 461 586 qlttlilfitlt
483 435 1069 586 iitisitfpltirssiiffliifitrdiii

96 545 266 671 facilitate.
310 542 431 668 nosterg
445 541 499 668 iffi
520 605 641 687 pirata,
668 541 821 701 (duicquid
848 544 1095 690 undicumques

98 691 322 772 conuerreret,
358 688 392 753 id
424 688 516 752 nobis
549 688 672 771 sibique
706 692 883 771 periturum
916 692 951 754 in
979 691 1069 755 illam

97 796 214 859 specus
229 773 279 838 sui
300 773 486 856 charybdim
502 772 705 856 congerebat.
730 772 916 855 charybdim
932 775 1067 858 loquor?

96 880 184 943 qnae
208 879 279 923 cum
293 857 391 941 plena
412 856 545 941 nauigia
566 857 733 938 sorbuerit,
756 857 873 921 dieitur
889 862 998 922 tamen
1021 881 1068 922 re·

98 946 219 1009 iectare
241 941 410 1025 naufragia
432 945 465 1004 et
486 943 649 1005 contortas
672 941 772 1004 fundo
794 944 880 1005 rates
898 941 1067 1006 Taurome-

98 1027 222 1092 nitanis
244 1025 390 1090 litoribus
413 1046 580 1108 exponere.
610 1025 694 1088 bona
715 1030 826 1090 nostra
849 1026 889 1089 ad
912 1027 1067 1090 aerarium
1083 1046 1107 1084 ιο

98 1133 167 1177 una
194 1114 227 1174 et
247 1114 402 1193 perpetua
430 1112 484 1173 uia
506 1110 612 1173 ibant:
649 1110 753 1174 nullas
776 1132 885 1175 eorum
906 1111 1066 1195 reliquias,

98 1196 190 1260 nulla
204 1194 387 1280 fragmenta
408 1194 460 1258 uel
476 1215 546 1258 sero
567 1194 652 1258 uicta
666 1194 797 1258 fastidio
817 1195 874 1259 illa
892 1197 1068 1260 communis

98 1301 159 1344 ucr
202 1278 438 1344 oreuomebat.

196 1362 300 1428 XVII.
354 1362 415 1426 Est
443 1362 665 1445 improborum
696 1363 878 1447 principum
906 1368 1069 1447 postrema

99 1447 245 1514 defensio
281 1447 406 1511 auferre
442 1446 590 1510 donanda
628 1449 660 1510 et
691 1447 847 1510 inuidiam
883 1448 1067 1530 rapinarum
1082 1465 1107 1505 rs

100 1531 325 1618 magnitudine
364 1552 533 1595 munerum
572 1531 746 1614 deprecari.
803 1552 882 1614 quae
920 1531 1067 1617 (malum)

98 1619 184 1682 ratio
213 1619 262 1680 est
286 1616 456 1679 abstulisse
484 1614 632 1678 omnibus
660 1614 742 1697 quod
771 1614 878 1678 nullus
900 1615 1068 1679 habiturus

100 1701 169 1766 siti
214 1704 247 1764 et
272 1700 470 1784 priuatorum
499 1698 627 1781 quidem
657 1699 826 1781 auaritiae,
864 1700 941 1765 lieet
972 1700 1066 1782 mala,

100 1790 212 1850 tamen
245 1785 351 1867 aliqua
382 1784 525 1848 defensio
555 1787 623 1849 est:
661 1786 791 1847 timetur
818 1785 928 1868 inopia
962 1788 994 1848 et
1021 1806 1068 1848 re-

100 1870 234 1954 ponitur
256 1869 415 1933 senectuti
438 1872 470 1932 et
490 1869 685 1952 prospicitur
705 1868 825 1933 heredi.
859 1891 953 1953 quam
975 1869 1106 1933 affertis

101 1975 231 2018 causam
248 1952 495 2036 concupiscendi
511 1953 566 2036 qui
582 1957 736 2036 quantum
752 1954 869 2037 ubique
885 1958 933 2019 est
947 1953 1067 2018 habet?

101 2039 179 2122 quin
203 2059 275 2123 ege,
306 2039 332 2101 si
354 2037 404 2101 fas
425 2037 577 2121 piumque
602 2037 789 2104 mortalibus
811 2039 976 2102 aestimare
1000 2060 1068 2101 cae-

101 2123 210 2203 lestia,
244 2122 367 2186 nullam
394 2123 547 2187 maiorem
576 2144 645 2186 esse
674 2122 860 2186 crediderim
887 2122 1068 2204 principum

100 2208 292 2272 felicitatem
314 2228 410 2291 quam
432 2206 546 2269 fecisse
567 2205 694 2270 felicem
723 2209 755 2268 et
776 2206 992 2269 intercessisse
1020 2206 1067 2268 in·

102 2291 194 2375 opiae
220 2294 253 2356 et
273 2290 389 2356 uicisse
411 2290 576 2354 fortunam
604 2294 636 2353 et
659 2289 781 2353 dedisse
803 2289 927 2352 homini
949 2305 1108 2353 nouumcc

100 2377 215 2442 fatum.
244 2376 353 2459 itaque
376 2374 560 2457 imperatori
581 2374 746 2458 propriam
767 2374 968 2436 maiestatem
987 2375 1068 2437 bene

102 2461 286 2525 aestimanti
314 2481 380 2524 non
408 2463 474 2523 tam
502 2459 582 2522 illud
609 2459 711 2522 uideri
743 2479 836 2521 suum
863 2457 957 2522 debet
985 2457 1069 2541 quod

101 2545 236 2609 abstulit
262 2566 359 2627 quam
387 2544 471 2626 quod
498 2542 594 2607 dedit.
638 2565 715 2606 nam
744 2564 816 2607 cum
849 2542 936 2607 intra
964 2543 1069 2626 ipsum

100 2630 274 2694 uoluuntur
298 2628 406 2699 omnia
428 2631 474 2710 et,
503 2630 539 2691 ut
560 2628 614 2691 illc
636 2628 690 2710 qui
713 2630 829 2692 cuncta
857 2628 958 2692 ambit
980 2649 1070 2692 ocea-

100 2734 162 2776 nus
188 2734 266 2796 quas
294 2712 438 2798 suggerit
466 2733 564 2794 aquas
587 2713 681 2776 terris
709 2713 824 2796 recipit
846 2734 863 2776 e
885 2714 994 2795 terris,
1024 2713 1068 2776 ita
1082 2731 1108 2769 30

171 2971 184 3018 1
204 2973 296 3020 seruat
312 2970 335 3017 A
364 2966 373 3032 ΙΙ
403 2970 419 3017 3
438 2965 596 3032 suppeditet
614 2965 689 3016 Bere.
709 2979 746 3014 w:
770 2965 899 3029 suppedit
919 2969 947 3015 et
964 2962 987 3012 A
1008 2979 1071 3029 sup-

101 3037 172 3102 petit
189 3042 217 3086 et
233 3039 253 3086 B
272 3038 289 3084 0
307 3037 330 3084 V
354 3033 358 3099 Ι
383 3051 417 3085 ne
436 3047 461 3082 w
484 3030 488 3096 Ι
514 3034 611 3084 subtus
629 3033 694 3097 imp.
712 3034 735 3081 A
752 3033 771 3080 B
791 3034 807 3079 0
831 3034 835 3092 Ι
858 3031 985 3096 impediis
1003 3033 1026 3080 A
1057 3029 1068 3095 ll

99 3107 119 3154 4
146 3103 275 3169 perdendi
297 3109 324 3152 et
347 3101 538 3167 quaerendit'
567 3098 577 3165 ΙΙ
607 3103 623 3150 0
651 3103 817 3150 conuenerat
838 3101 859 3148 B
877 3101 894 3147 0
912 3100 934 3147 V
952 3098 984 3146 W
1007 3114 1088 3149 con-.

101 3175 258 3237 uexeratg
287 3170 297 3236 ΙΙ
328 3174 342 3221 7
365 3170 496 3220 caribdim
520 3170 557 3218 bis
575 3170 603 3215 H
632 3163 641 3231 ΙΙ
671 3171 686 3218 9
709 3167 969 3218 tauromentanisA
999 3163 1008 3229 ΙΙ
1040 3167 1071 3216 13

101 3239 200 3302 forago
219 3240 260 3301 Al
276 3238 435 3289 remouebat
452 3239 469 3285 0
499 3236 509 3301 ΙΙ
541 3238 572 3284 14
590 3231 754 3301 principum]
776 3235 876 3285 ciuium
895 3236 911 3283 0
927 3234 931 3295 l
951 3239 1071 3283 extrema

99 3306 155 3360 dei.
178 3309 211 3354 W
241 3305 251 3371 ll
286 3309 317 3356 15
341 3300 482 3370 donanda]
507 3303 633 3353 donando
656 3302 688 3350 W
711 3302 832 3353 donandi
853 3303 942 3365 gratia
965 3303 1024 3352 edd.
1057 3298 1068 3365 ll

103 3375 135 3424 18
154 3374 261 3436 quidem
278 3389 323 3425 om.
343 3375 376 3420 W
399 3369 409 3437 ΙΙ
436 3373 468 3422 23
486 3371 647 3421 crediderim
666 3386 726 3422 esse
744 3372 765 3419 B
783 3373 800 3418 0
817 3371 840 3418 V
857 3374 890 3419 W
913 3368 924 3435 ll
951 3371 984 3420 ⁶26
1002 3369 1070 3419 bene

100 3457 149 3491 om.
168 3444 185 3490 0
209 3440 219 3506 ΙΙ
243 3444 275 3491 27
295 3455 371 3491 suum
389 3439 477 3488 uideri
495 3441 512 3487 0
