2406 4012
438 204 599 256 TRAIANO
617 205 651 256 D.
669 207 745 258 3-9.
1052 206 1076 269 9

97 355 237 435 Caesar,
265 374 339 417 mox
366 353 543 435 imperator
578 357 610 416 et
644 374 773 418 consors
801 354 991 420 tribuniciae
1018 377 1075 439 po-

96 440 234 504 testatis
262 441 294 501 ct
317 437 425 502 omnia
446 437 568 520 pariter
590 441 622 501 ct
644 438 752 502 statim
779 439 885 502 factus
914 460 964 521 es,
993 462 1072 523 quae

96 523 249 608 proxime
270 543 387 606 parens
410 542 504 584 uerus
525 523 652 585 tantum
674 523 709 586 in
725 522 861 587 alterum
882 523 983 587 filium
999 545 1072 587 con-

97 608 191 672 tulit.
1099 658 1101 663 .

167 691 228 756 IX.
251 689 405 774 Magnum
416 687 477 753 hoc
488 691 561 753 tuae
579 690 806 756 moderationis
821 692 973 756 iudicium
989 693 1104 776 quoda

98 797 172 841 non
208 775 311 838 solum
338 794 501 838 successor
528 774 655 858 imperii
694 775 747 839 sed
780 777 942 860 particeps
976 779 1073 841 etiam

100 861 274 943 sociusque
300 858 460 943 placuisti.
501 880 578 921 nam
611 880 783 943 successor,
820 861 944 924 etiamsi
978 861 1071 942 noha,

103 945 276 1008 habendus
305 947 368 1027 est3
396 963 464 1006 non
487 945 536 1006 est
558 942 724 1006 habendus
747 944 860 1027 socius,
888 945 953 1008 nisi
982 947 1071 1009 uelis.

101 1029 278 1094 credentne
300 1027 422 1111 posteri
442 1027 579 1110 patricio
596 1031 628 1091 et
652 1027 811 1091 consulari
833 1032 865 1092 et
885 1029 1071 1111 triumphali
1172 1053 1177 1060 ·

100 1117 198 1198 patre
219 1112 375 1196 genitum,
399 1133 470 1175 cum
490 1112 701 1175 fortissimum
717 1112 948 1196 amplissimum
964 1135 1072 1177 aman·
1086 1133 1117 1170 11)
1144 1168 1146 1172 .

100 1197 266 1263 tissimum
294 1196 343 1260 sui
373 1196 547 1260 exercitum
580 1199 717 1282 regeret,
750 1198 976 1281 imperatorem
1006 1219 1073 1262 non

103 1283 146 1345 ab
177 1281 315 1346 exercitu
342 1280 487 1345 factum?
522 1280 635 1360 eidem,
663 1303 735 1346 cum
764 1282 955 1346 Germaniae
982 1305 1073 1366 prae-

103 1364 234 1448 sideret,
254 1364 436 1430 Germanici
458 1386 576 1429 nomen
599 1365 676 1430 hinc
690 1366 848 1430 missum?
871 1367 954 1430 nihil
968 1367 1073 1450 ipsum

101 1455 141 1515 ut
164 1451 340 1533 imperator
360 1449 452 1513 fieret
474 1450 636 1534 agitasse?
663 1450 747 1514 nihil
767 1451 882 1515 fecisse
903 1452 966 1515 nisi
989 1453 1073 1535 quod

101 1535 222 1599 meruit
243 1538 275 1598 et
295 1534 425 1618 paruit?
447 1535 582 1616 paruisti
604 1535 701 1618 enim,
725 1534 854 1618 Caesar,
878 1537 964 1599 etad
986 1536 1072 1617 prin·
1087 1554 1118 1593 ra

102 1621 247 1703 cipatum
282 1619 433 1703 obsequio
466 1619 652 1702 peruenisti,
681 1618 826 1703 nihilque
859 1619 963 1702 magis
992 1642 1010 1681 a
1041 1622 1073 1680 te

103 1704 251 1769 subiecto
286 1704 392 1767 animo
427 1702 549 1765 factum
587 1706 636 1766 est
670 1724 765 1785 quam
799 1701 883 1786 quod
916 1705 1073 1785 imperare

103 1787 255 1871 coepisti:
287 1789 352 1851 iam
375 1786 504 1870 Cacsar,
528 1788 593 1850 iam
614 1788 797 1870 imperator,
820 1787 885 1850 iam
908 1785 1073 1850 Germani-

104 1893 174 1953 cus,
197 1872 309 1936 absens
333 1874 366 1935 et
392 1872 523 1956 ignarus
547 1876 579 1936 et
600 1875 675 1955 post
696 1874 788 1935 tanta
807 1872 950 1953 nomina,
974 1893 1073 1956 quan-

103 1961 177 2020 tum
200 1957 239 2020 ad
260 1959 293 2020 te
314 1957 464 2039 pertinet,
487 1956 644 2039 priuatus.
681 1978 835 2041 magnum
850 1957 1021 2040 uideretur,
1045 1958 1072 2020 si
1086 1974 1117 2013 101

103 2042 244 2105 dicerem
281 2040 429 2105 ‘nescisti
462 2044 495 2104 te
527 2041 753 2124 imperatorem
786 2042 961 2106 futurum':
1003 2064 1073 2105 eras

101 2127 279 2209 imperator
307 2129 339 2189 et
368 2146 436 2189 esse
463 2128 496 2189 te
523 2126 699 2190 nesciebas.
737 2129 774 2190 ut
794 2148 870 2191 uero
892 2129 932 2189 ad
955 2130 988 2190 te
1010 2127 1073 2190 for-

102 2216 204 2274 tunae
225 2214 299 2273 tuae
321 2210 454 2273 nuntius
476 2212 578 2292 uenit,
602 2211 742 2275 malebas
765 2211 893 2294 quidem
921 2211 982 2275 hoc
1005 2231 1073 2273 esse

103 2293 191 2377 qnod
219 2294 337 2378 fueras,
366 2295 421 2358 scd
448 2315 515 2358 non
544 2298 614 2360 erat
640 2296 787 2359 liberum.
825 2317 867 2358 an
894 2315 960 2358 non
983 2293 1073 2356 obse-

103 2379 247 2462 quereris
268 2379 408 2462 principi
430 2378 519 2461 ciuis,
542 2380 668 2464 legatus
690 2380 884 2462 imperatori,
912 2376 996 2440 filius
1019 2399 1072 2459 pa·
1087 2393 1117 2434 as

101 2463 171 2526 tri?
205 2463 260 2526 ubi
288 2462 403 2527 deinde
437 2463 633 2546 disciplina?
664 2462 720 2525 ubi
747 2483 815 2525 mos
850 2485 868 2525 a
899 2461 1073 2523 maioribus

102 2546 252 2628 traditus,
281 2548 500 2632 quodcumque
529 2548 704 2631 imperator
732 2567 847 2609 munus
878 2546 1072 2629 iniungeret,

104 2652 208 2714 aequo
242 2635 350 2696 animo
383 2636 559 2716 paratoque
594 2631 773 2695 subeundi?
806 2630 881 2714 quid
916 2630 1011 2716 enim,
1046 2632 1072 2695 si

102 2716 289 2800 prouincias
313 2739 351 2780 ex
373 2717 558 2800 prouinciis,
588 2738 627 2779 cx
650 2717 742 2780 bellis
769 2716 855 2780 bella
880 2716 1073 2781 mandaret?

102 2803 204 2866 claret
236 2800 347 2865 eodem
374 2801 466 2865 illum
493 2803 541 2864 uti
569 2803 646 2884 iure,
675 2823 746 2865 cum
775 2801 816 2863 ad
843 2801 1012 2884 imperinm
1041 2804 1073 2863 te
1086 2818 1116 2856 so

101 2889 208 2962 uocet,
239 2908 302 2968 quo
331 2886 373 2950 sit
394 2908 479 2969 usus,
509 2907 580 2949 cum
608 2886 648 2948 ad
671 2885 846 2949 exercitum
868 2886 1001 2968 miserit,
1025 2886 1072 2948 ni-

173 3060 190 3107 3
207 3057 324 3124 tantum]
345 3062 437 3108 tamen
450 3060 470 3108 B
482 3058 515 3105 W
530 3054 534 3120 Ι
550 3056 698 3107 contulerit
709 3070 728 3104 u
746 3056 896 3107 contulitur
913 3071 964 3104 mr
976 3055 986 3120 ΙΙ
999 3057 1014 3106 5
1032 3057 1073 3105 111-

101 3125 206 3175 dicium
225 3141 285 3190 epo:
303 3125 436 3175 indicium
454 3123 532 3189 11116
550 3124 638 3175 solum
656 3141 702 3175 om.
720 3124 753 3171 W
769 3120 779 3189 ΙΙ
796 3127 810 3174 7
829 3125 909 3174 nohis
926 3125 946 3170 B
964 3124 997 3171 W
1013 3120 1023 3186 ΙΙ
1040 3125 1073 3172 13

99 3193 169 3243 huic
187 3194 207 3242 B
225 3194 247 3241 V
266 3190 279 3258 11
299 3196 331 3243 17
353 3194 479 3244 subiecto
498 3193 590 3242 animo
608 3205 637 3256 ςε
662 3192 780 3242 subiecti
797 3192 887 3241 animo
906 3192 933 3237 Η
954 3190 1074 3239 subiecti

102 3259 326 3312 animioaraneas
338 3258 349 3324 ΙΙ
363 3263 394 3310 18
405 3262 486 3310 malim
495 3259 625 3325 recepisti
637 3256 647 3324 ΙΙ
660 3262 692 3310 20
703 3260 862 3323 pertinebat
873 3260 966 3307 mauolt
972 3258 999 3306 K
1001 3258 1073 3307 eilias

128 3327 271 3378 uideretur
288 3345 334 3378 om.
353 3330 373 3375 B
392 3329 518 3378 uiderent
537 3324 622 3391 01133
641 3327 755 3376 aduenit
772 3324 861 3390 31124
882 3341 937 3374 non
955 3341 1001 3378 om.
1021 3327 1038 3372 0
1059 3321 1070 3390 11

99 3399 136 3446 39
156 3396 303 3446 mandaret
321 3395 410 3446 claret
427 3397 535 3461 scripsi:
558 3394 704 3444 mandaret
720 3396 747 3442 Π
765 3392 918 3443 mandaret.
956 3400 1076 3459 apparet

99 3464 237 3527 Hauptina
256 3464 345 3514 Herm.
368 3463 392 3513 V
408 3481 434 3527 p.
452 3467 486 3513 26
509 3461 520 3529 ΙΙ
543 3465 576 3514 30
594 3462 671 3512 illum
689 3461 780 3526 Carpe
798 3460 847 3510 illc
864 3461 892 3508 rt
916 3457 922 3527 Ι
945 3465 973 3512 te
991 3465 1078 3511 uocet

99 3531 237 3581 Bauda'ur:
255 3536 368 3582 reuocet
386 3533 420 3581 Η.
