2406 4012
272 76 489 160 oahrmauu
506 107 617 158 norro
636 106 800 158 marino.
822 109 896 157 1-2.
1005 105 1068 169 245

99 260 248 326 indiserti
281 261 337 321 aut
364 257 486 341 ingrati
520 260 604 319 esset
630 255 718 319 fama
750 255 923 318 subeunda.
968 256 1068 319 malui

100 367 171 429 erpo
200 341 415 427 eloquentiam
436 341 544 424 potius
569 362 664 423 quam
687 341 840 423 pietatem
868 361 945 423 erga
966 343 998 402 te
1021 339 1068 403 of-

98 431 172 494 ficio
193 449 264 492 meo
280 426 462 490 desiderari.
493 426 525 489 et
547 446 625 488 sane
646 426 682 488 in
696 424 747 488 his
762 424 936 488 honoribus
954 423 1067 507 quibus

98 535 150 578 me
178 513 268 597 prius
295 510 482 574 honestaras
510 509 615 572 minor
642 530 711 572 esse
740 531 835 573 causa
862 509 901 572 ad
929 508 1068 593 agendas

90 599 221 684 gratias
243 595 418 659 uidebatur.
461 616 538 658 nam
561 615 634 657 cum
656 615 705 656 me
729 594 884 690 aerarium
905 593 1094 678 publicums

101 703 214 748 curare
241 679 388 762 uoluisti,
419 700 491 743 cum
516 698 671 760 quaereus
699 678 804 740 uirum
832 679 931 741 ammi
958 679 1069 762 magni

101 768 253 831 aduersus
279 764 464 847 pecuniam,
500 762 594 826 liberi
622 761 775 826 aduersus
804 762 956 844 offensas,
995 783 1068 826 con-

100 853 218 916 stantis
247 849 398 912 aduersus
419 846 576 910 inuidiam
604 867 654 909 me
677 847 732 929 qui
754 845 814 908 tibi
839 846 965 909 uiderer
988 847 1069 910 eius-

100 935 186 1000 modi
208 933 356 1017 delegisti
378 932 473 1015 idque
496 952 532 995 eo
553 936 696 1013 tempore
719 951 781 1013 quo
805 929 976 994 exhaustae
999 951 1069 1013 pro·

101 1020 226 1083 cinciae
248 1017 367 1100 partim
389 1015 636 1099 depraedatione
658 1014 839 1098 barbarica,
861 1016 982 1097 partim
999 1017 1108 1078 'uon1o

100 1105 206 1168 minus
235 1101 416 1166 exitialibus
444 1122 540 1184 quam
562 1099 719 1184 pudendis
741 1098 990 1184 praesidentium
1020 1122 1068 1162 ra·

100 1189 186 1271 pinis
218 1187 304 1250 ultro
338 1207 433 1268 opem
459 1185 662 1269 imperatoris
693 1187 918 1268 exposcerent,
951 1185 1069 1248 milites

101 1293 194 1355 saepe
222 1271 377 1334 anteactis
399 1270 598 1354 temporibus
621 1269 696 1332 ludo
718 1269 821 1333 habiti
843 1291 993 1352 praesens
1016 1270 1070 1333 sti·

99 1356 252 1440 pendium
274 1354 475 1439 flagitarent:
499 1375 624 1437 quoquo
646 1353 740 1417 modo
762 1353 895 1416 uidebar
914 1353 1069 1416 honorem

101 1461 197 1504 onere
220 1460 365 1522 pensare.
410 1442 443 1501 at
466 1459 537 1502 cum
565 1459 616 1501 me
638 1437 807 1520 praetoriis
829 1437 1015 1519 praefecisti
1037 1440 1069 1500 et
1082 1453 1107 1495 15

98 1524 283 1609 prouincias
307 1523 345 1586 de
367 1525 399 1586 te
422 1522 550 1606 egregie
577 1521 707 1584 meritas
730 1542 818 1584 meae
840 1520 914 1583 fidei
935 1520 1068 1584 tutelae·

100 1630 161 1693 que
185 1608 355 1690 mandasti,
379 1608 496 1691 ingens
518 1605 628 1668 iudicii
649 1605 697 1668 tui
718 1604 782 1667 fuit
803 1625 931 1684 munus,
958 1604 1070 1667 sedin

100 1715 137 1758 eo
158 1713 227 1755 non
246 1691 325 1755 mibi
343 1693 447 1755 solum
462 1712 556 1773 quem
571 1692 665 1752 tanta
679 1691 839 1772 potestate
857 1688 1069 1772 succinxeras,

99 1799 211 1842 uerum
241 1777 339 1840 etiam
366 1776 506 1860 negotiis
532 1775 596 1838 tuis
626 1773 841 1838 commodasse
868 1774 1068 1857 aliquatenus

100 1861 260 1926 uidebare.
1082 1875 1109 1914 ao

163 1945 205 2009 Π.
239 1944 339 2008 Porro
362 1945 397 2007 in
419 1944 617 2008 decernendo
641 1944 809 2008 consulatu
831 1944 962 2008 remotis
984 1943 1069 2007 utili-

99 2029 221 2094 tatibus
235 2030 299 2092 tuir
322 2029 482 2092 rationem
504 2049 593 2092 meae
616 2029 718 2092 solum
734 2028 901 2112 dignitatis
917 2027 1068 2091 habuisti.

99 2137 177 2179 nam
204 2113 239 2177 in
260 2113 593 2177 administrationibus
615 2112 704 2177 labos
727 2111 842 2175 honori
871 2111 1067 2195 adiungitur,

99 2200 134 2263 in
163 2198 332 2262 consulatu
357 2197 459 2261 honos
487 2198 557 2260 sine
579 2197 687 2260 labore
715 2195 898 2277 suscipitur.
943 2195 979 2257 in
1005 2194 1069 2258 illis

100 2284 128 2348 si
150 2283 280 2346 laeteris
308 2281 441 2365 cupidae
465 2281 649 2345 ambitionis
677 2301 746 2344 esse
767 2279 923 2361 uidearis,
951 2279 986 2342 in
1008 2278 1068 2343 hoo
1082 2296 1107 2337 2⁵

98 2368 162 2432 nisi
190 2370 299 2450 aperte
327 2373 360 2430 et
381 2366 549 2450 propalam
578 2365 705 2428 laeteris
733 2366 879 2450 ingratus
908 2363 962 2427 sis.
1006 2362 1069 2427 huc

100 2451 222 2517 accedit
249 2451 332 2534 quod
360 2450 431 2535 ipsa
457 2449 537 2513 haec
563 2450 640 2512 urbs
667 2453 762 2533 atque
790 2449 851 2513 hoc
880 2448 1068 2533 augustissi-

99 2558 188 2601 mum
211 2535 336 2599 consilii
356 2534 478 2619 publici
500 2535 655 2618 templum
677 2534 819 2599 officium
835 2534 929 2599 huius
953 2534 1069 2598 oratio·

99 2621 152 2685 nis
175 2618 366 2704 efflagitant.
394 2619 473 2683 haec
487 2619 548 2682 tibi
567 2620 706 2683 nominis
728 2622 817 2703 noui,
842 2620 897 2685 sed
912 2620 1067 2702 antiquis-

100 2705 199 2769 simae
231 2704 408 2768 nobilitatis
446 2703 559 2767 ciuitas
591 2705 698 2787 patria
731 2710 797 2769 est:
842 2705 894 2768 hic
927 2705 1068 2788 primum
1081 2720 1107 2759 ³0

100 2788 219 2872 editus,
247 2788 300 2852 hic
327 2789 418 2872 quasi
440 2788 599 2870 quoddam
628 2790 768 2852 salutare
790 2789 930 2851 humano
956 2789 1068 2871 generi

98 2943 304 2952 -—-—-—-

166 3030 182 3078 2
202 3042 268 3092 ergo
287 3029 391 3077 addidi:
409 3042 455 3077 om.
467 3028 494 3075 Μ
509 3024 513 3090 Ι
529 3025 621 3078 officio
639 3041 698 3076 meo
717 3041 777 3090 epo:
797 3023 917 3075 officium
935 3038 1023 3073 meum
1040 3025 1068 3072 Π

99 3094 277 3158 officiumque
295 3109 382 3144 meum
401 3096 459 3147 edd.
477 3091 488 3158 ΙΙ
508 3097 525 3144 4
543 3095 706 3145 honestaras
723 3096 746 3142 Δ
758 3095 791 3141 W
802 3092 891 3143 Bora:
910 3092 1067 3142 honestaris

97 3163 119 3211 Β
137 3163 155 3210 0
172 3163 194 3210 V
211 3160 221 3226 ΙΙ
243 3163 259 3212 5
278 3176 339 3212 oum
356 3163 390 3210 A:
410 3166 466 3211 tum
484 3169 543 3212 cett.
562 3161 571 3227 ΙΙ
593 3163 608 3212 6
628 3177 759 3228 quaerens
777 3163 908 3225 Hauptiuc
919 3161 1009 3210 Herm.
1022 3159 1072 3209 IV

97 3247 123 3296 p.
142 3232 208 3279 152:
227 3243 369 3293 quaereres
386 3230 414 3277 Π
430 3227 440 3294 ΙΙ
464 3231 495 3280 10
512 3231 615 3294 partim
634 3228 762 3294 depraed.
780 3228 856 3280 barb.
875 3244 921 3279 om.
941 3229 958 3275 0
976 3227 1069 3291 desidi-

99 3296 251 3346 cationes
274 3293 285 3362 ΙΙ
311 3299 343 3346 15
362 3312 434 3357 oum;
452 3299 534 3348 malim
552 3299 623 3364 quod
646 3295 656 3363 ΙΙ
686 3299 718 3348 19
738 3294 831 3361 etiam]
850 3301 877 3346 et
894 3298 914 3344 Β
934 3298 951 3344 0
970 3293 975 3359 Ι
996 3312 1068 3346 oom-

97 3364 240 3414 mendasse
252 3365 287 3424 lt,
306 3379 373 3414 corr.
388 3363 524 3416 Rhenanus
537 3364 547 3431 ΙΙ
560 3369 592 3417 23
610 3366 691 3416 labos
702 3365 725 3413 Δ
737 3364 827 3415 Bert:
847 3364 926 3415 labor
937 3366 957 3412 Β
970 3366 987 3413 0
1000 3366 1022 3412 V
1036 3364 1068 3410 W

97 3429 107 3497 ll
124 3433 159 3482 24
175 3433 257 3482 malim
273 3434 305 3480 ut
323 3432 352 3480 in
371 3430 428 3483 illis
449 3429 460 3498 l
480 3434 514 3484 29
532 3433 670 3496 efflagitat
686 3434 706 3480 B
725 3434 747 3480 V
765 3434 798 3479 W
