2406 4012
137 177 180 242 30
463 180 485 229 I.
522 178 553 228 0.
571 178 686 229 PLINII
704 176 785 230 PAN.

138 329 308 392 seueritate
338 327 451 391 oauisti
479 348 520 390 ne
546 325 681 389 fundata
702 325 828 410 legibus
855 325 971 390 ciuitas
999 347 1129 403 euersa-2¹

137 413 264 496 legibus
286 413 457 476 uideretur.
492 411 567 474 licet
590 431 667 494 ergo
690 431 761 473 oum
783 410 916 474 fortuna
936 413 1010 475 turn
1031 412 1131 477 libe·-

136 497 247 560 ralitas
276 501 332 560 tua
359 497 493 559 uisenda
525 494 619 558 nobis
647 494 844 577 praebuerit,
882 497 920 558 ut
946 496 1115 580 praebuit,-

136 603 224 646 nunc
237 581 385 664 ingentia
406 582 524 644 robora
540 579 681 642 uirorum
704 581 736 642 et
749 600 843 662 pares
859 579 998 662 animos,
1021 602 1107 645 nunc

112 666 371 731 simmanitatem
392 663 531 728 ferarum
553 685 639 727 nunc
660 663 938 727 mansuetudinem
958 665 1108 750 incogni-

136 754 214 832 tam,
236 771 324 815 nunc
343 752 481 813 secretas
496 749 568 811 illas
591 751 622 811 et
637 769 770 811 arcanas
793 770 829 812 ac
844 748 904 812 sub
917 752 950 811 te
967 749 1106 832 primum
1129 778 1133 785 ·

138 855 321 898 communes
349 855 445 918 opcs;
475 833 565 897 nihil
578 836 687 896 tamen
707 833 844 916 gratius,
874 832 958 896 nihil
981 834 1122 899 saeculo·

138 918 266 1003 dignius
295 940 390 1002 quam
413 919 497 1001 quod
522 917 661 1000 contigit
683 917 816 1000 desuper
843 918 963 981 intueri
986 919 1105 983 delato-

136 1024 207 1066 rum
230 1004 344 1086 supina
366 1024 422 1067 ora
443 1006 643 1085 retortasque
664 1003 812 1066 ceruices.
851 1003 1105 1085 agnoscebamus

99 1107 124 1146 10
138 1091 170 1150 et
191 1089 384 1170 fruebamur,
413 1109 485 1151 eum
508 1087 597 1150 uelut
618 1086 796 1169 piaculares
817 1086 967 1169 publicae
991 1087 1105 1153 sollici·

136 1172 257 1235 tudinis
272 1172 423 1235 uictimae
446 1193 542 1253 supra
556 1172 749 1255 sanguinem
771 1171 939 1234 noxiorum
961 1172 1003 1235 ad
1019 1173 1105 1237 lanta

136 1255 293 1338 supplicia
321 1257 548 1339 grauioresque
569 1277 689 1339 poenas
714 1255 915 1321 ducerentur.
960 1256 1105 1342 congesti

137 1339 268 1402 suntin
290 1340 422 1423 nauigia
449 1341 566 1423 raptim
595 1340 774 1423 conquisita
801 1362 839 1404 ac
860 1341 1144 1423 tempestatibus·-

137 1423 250 1487 dediti:
274 1424 407 1503 abirent,
430 1424 582 1509 fugerent
595 1428 740 1487 uastatas
758 1424 973 1489 delationibus
988 1430 1106 1513 m3

99 1527 124 1567 15
137 1529 174 1571 ac
190 1509 216 1572 si
238 1530 332 1592 quem
347 1509 462 1573 fluctus
484 1532 521 1573 ac
535 1509 694 1592 procellae
717 1509 856 1592 scopulis
876 1514 1108 1594 reseruassenl,
1144 1478 1150 1607 l

135 1593 189 1656 hic
211 1594 297 1657 nuda
319 1616 395 1658 saxa
423 1598 455 1658 et
475 1593 671 1676 inhospitale
697 1593 773 1657 litus
795 1593 966 1677 incoleret,
997 1603 1107 1681 ageret
1148 1662 1150 1679 ,

136 1678 248 1742 duram
269 1683 302 1742 et
317 1679 445 1743 anxiam
465 1680 567 1742 uitam
587 1678 759 1760 relictaque
773 1681 847 1761 post
862 1681 992 1762 tergum
1008 1681 1107 1745 totius

135 1764 263 1846 generis
284 1764 418 1827 humani
441 1764 610 1826 securitate
633 1767 799 1826 maereret.

199 1845 332 1914 XXXV.
382 1847 591 1910 Memoranda
626 1846 738 1930 facies,
776 1847 958 1911 delatorum
994 1849 1107 1913 classis
1146 1888 1150 1899 ·

97 1950 123 1992 ao
136 1931 292 2013 permissa
319 1931 467 1994 omnibus
497 1931 604 1995 uentis
633 1935 803 2015 coactaque
831 1932 905 1995 uela
933 1935 1107 2016 tempesta·

135 2014 222 2078 tibus
249 2015 389 2098 pandere
417 2015 577 2099 iratosque
604 2015 719 2080 fluctus
749 2017 856 2100 sequi,
890 2034 1107 2100 quoscumque

135 2099 171 2161 in
193 2099 339 2182 scopulos
361 2100 558 2168 detulissent.
603 2100 735 2165 iuuabat
755 2105 963 2184 prospectare
992 2102 1106 2167 statim

136 2205 156 2246 a
182 2188 278 2267 portu
305 2207 416 2268 sparsa
443 2186 575 2270 nauigia
604 2189 636 2248 et
663 2185 748 2268 apud
776 2186 856 2249 illud
884 2187 989 2269 ipsum
1019 2207 1105 2251 mare

136 2290 231 2352 agere
252 2271 391 2353 principi
410 2271 531 2354 gratias
554 2270 608 2353 qui
627 2269 797 2333 clementia
818 2292 875 2333 sua
897 2270 987 2333 salua
1010 2270 1105 2335 ultio·

97 2371 122 2411 25
135 2375 209 2417 nem
231 2353 397 2419 hominum
411 2358 630 2438 terrarumque
653 2355 701 2418 dis
721 2356 819 2418 maris
840 2354 1104 2420 commendasset

135 2443 288 2521 quantum
321 2440 489 2504 diuersitas
518 2444 698 2522 temporum
728 2442 837 2522 posset
868 2443 937 2502 tum
965 2440 1107 2504 maxime

137 2525 302 2606 cognitum
325 2527 387 2606 est,
415 2546 487 2587 cnm
509 2525 609 2587 isdem
632 2525 747 2607 quibus
770 2526 865 2588 antea
887 2524 1035 2589 cautibus
1056 2525 1105 2588 in-

135 2609 380 2671 nocentissimus
418 2609 551 2690 quisque
586 2610 662 2671 tunc
701 2610 946 2672 nocentissimus
984 2609 1105 2693 adfige·

135 2694 224 2753 retur
246 2711 380 2773 eumque
400 2691 523 2754 insulas
545 2712 672 2775 omnes,
695 2715 774 2776 quas
795 2693 889 2757 modo
909 2696 1104 2776 senatorum,

97 2775 201 2837 roiam
217 2775 392 2839 delatorum
414 2776 509 2839 turba
525 2776 713 2862 compleret3
737 2800 815 2861 quos
831 2777 958 2861 quidem
979 2799 1049 2842 non
1069 2778 1106 2843 in
1134 2792 1137 2799 '

135 2880 290 2941 praesens
317 2863 442 2924 tantum
472 2860 527 2924 sed
555 2861 589 2924 in
612 2866 777 2926 aeternum
805 2863 986 2945 repressisti
1014 2863 1106 2927 mille

135 2965 311 3027 poenarum
334 2944 487 3029 indagine
510 2946 660 3010 inclusos.
699 2951 842 3029 ereptum
865 2948 986 3010 alienas
1009 2969 1105 3029 pecu·

135 3029 206 3092 nias
229 3032 319 3112 eunt3
342 3030 480 3112 perdant
501 3052 579 3114 quas
596 3030 732 3095 habent:
755 3032 915 3114 expellere
932 3033 1106 3110 penatibus

136 3113 295 3196 gestiunt,
333 3116 398 3178 suis
423 3116 631 3179 exturbantur
662 3137 780 3198 neque,
814 3119 850 3178 ut
871 3120 978 3199 antea,
1007 3137 1106 3181 exan-

205 3373 235 3420 10
253 3373 408 3436 peculiares
420 3373 452 3420 W
465 3370 474 3436 ΙΙ
489 3375 520 3421 14
538 3375 634 3422 uastas
647 3371 688 3434 W,
707 3387 775 3423 corr.
794 3389 824 3421 m.
836 3388 889 3421 rec.
902 3370 912 3437 ΙΙ
925 3374 957 3423 23
975 3371 1047 3423 illud
1065 3387 1106 3422 w:

134 3438 211 3487 illum
229 3441 256 3486 Μ
272 3436 284 3502 ΙΙ
299 3443 331 3490 27
351 3441 450 3504 quibus
468 3456 514 3489 om.
533 3441 579 3495 W;
600 3440 727 3489 nautibus
745 3447 804 3502 port
822 3439 905 3490 isdem
923 3441 1071 3491 traiecerim
1090 3438 1105 3507 ΙΙ

135 3509 168 3557 28
186 3521 259 3557 nunc
271 3507 304 3556 W
315 3504 325 3572 ΙΙ
339 3511 370 3558 31
390 3503 474 3573 mille]
494 3507 523 3556 in
540 3507 589 3556 illa
607 3520 631 3554 w
644 3503 654 3571 ΙΙ
666 3509 700 3558 34
717 3511 747 3555 ut
764 3505 856 3573 antea]
877 3512 991 3558 utantur
1008 3507 1049 3558 eis
1061 3508 1105 3564 W,
