2406 4012
137 228 200 292 100
386 230 421 279 11.
458 229 514 280 cr..
533 228 743 279 nnunnrnu
761 228 843 279 nnn.

135 377 260 442 felicior
288 399 383 462 quam
410 376 469 441 sub
490 375 591 440 Remo
617 380 650 440 et
670 375 807 440 Romulo
827 376 902 441 tuis.
935 377 987 441 illi
1011 378 1110 463 enim,

136 463 284 546 quamuis
298 463 416 526 fratres
431 461 616 558 geminique
631 464 750 543 essent,
774 464 981 525 certauerunt
995 464 1110 527 tamen

135 552 207 611 uter
229 568 321 610 suum
348 545 409 610 tibi
430 566 548 609 nomen
575 567 618 608 nn
643 548 755 609 oneret
782 545 988 629 diuersasque
1017 568 1109 611 mon-

135 637 185 695 tes
208 635 240 694 et
261 631 404 713 auspicia
426 633 597 713 ceperunt:
620 567 661 693 lii
688 650 765 693 uero
793 633 1039 695 conseruatores
1061 632 1107 695 tui

108 716 198 795 s(sit
219 715 295 778 lieet
320 735 406 778 nnnc
427 716 517 778 tuum
539 717 631 778 tanto
653 714 756 777 maius
783 714 956 798 imperium
984 720 1108 798 quanto

137 799 233 862 latins
256 802 305 862 est
330 802 439 863 uetere
458 799 615 882 pomerio,
643 798 792 882 quicquid
812 797 960 863 homines
982 800 1107 883 colunt)

136 883 227 947 nullo
257 884 341 948 circe
369 887 402 948 te
429 884 529 947 liuore
558 883 766 947 contendunt.
800 883 845 965 hi,
872 885 1108 967 cumprimum

138 967 178 1031 ed
212 970 244 1032 te
278 969 414 1032 redeant
445 966 696 1051 triumphantes,
729 988 794 1030 uno
828 967 964 1051 eupiunt
995 969 1108 1034 inuehi

139 1074 243 1135 curru,
266 1053 361 1117 simul
383 1053 472 1117 adire
494 1050 704 1135 Capitolium,
731 1051 826 1115 simul
847 1050 993 1116 habitare
1016 1053 1108 1117 Pala-

99 1157 125 1197 ιο
138 1137 230 1202 tium.
272 1142 377 1219 utere,
415 1158 546 1220 quaeso,
584 1139 712 1199 tuorum
749 1136 932 1220 principum
969 1140 1108 1221 utroque

139 1222 344 1305 cognomine,
377 1243 449 1285 cum
483 1241 550 1284 non
585 1220 709 1304 cogaris
741 1220 869 1304 eligere.
911 1220 988 1285 licet
1022 1243 1107 1286 nunc

138 1305 232 1367 simul
260 1310 293 1368 et
318 1304 470 1370 Herculia
496 1304 613 1368 dicaris
636 1307 668 1368 et
689 1303 787 1368 Ionia.
822 1327 839 1369 ο
862 1308 985 1389 quanto
1007 1328 1105 1386 nunc,

137 1389 324 1471 imperator,
352 1389 409 1453 illa
436 1390 550 1453 ciuitas
578 1392 662 1452 esset
689 1390 867 1472 augustior,
897 1394 1021 1473 quanto
1043 1412 1107 1454 ma·

138 1473 189 1557 gis
210 1472 297 1539 hunc
317 1475 458 1538 natalem
478 1495 569 1537 suum
590 1474 676 1537 diem
691 1473 819 1556 coleret,
842 1475 868 1537 si
892 1495 949 1537 uos
971 1474 1106 1559 stipatos

100 1579 126 1620 15
138 1560 245 1621 uestro
272 1563 385 1624 senatu
412 1559 448 1621 in
480 1558 537 1622 illa
563 1555 738 1640 Capitolini
766 1557 852 1621 Ionis
880 1579 953 1622 arce
981 1560 1106 1643 conspi-

139 1644 239 1707 ceret!
271 1665 352 1726 qnae
373 1665 460 1708 nunc
480 1643 548 1707 sine
569 1641 664 1706 dnbio
684 1642 898 1725 praesentiam
920 1644 1024 1707 nestri
1046 1644 1107 1709 sibi

137 1727 248 1812 fingit,
283 1728 376 1792 aedes
405 1731 584 1792 nestrorum
617 1727 785 1789 numinum
809 1726 1047 1809 frequentando
1076 1730 1107 1792 et

138 1811 327 1895 identidem,
355 1813 438 1875 sicut
465 1833 484 1875 a
510 1810 684 1874 maioribus
711 1811 897 1874 institutum
923 1815 988 1894 est,
1018 1814 1107 1876 inuo-

139 1895 241 1958 cendo
269 1899 423 1959 statorem
449 1894 560 1959 louein
581 1894 815 1977 Herculemque
842 1895 1009 1960 uictorem.
1047 1898 1107 1961 hoc

100 2002 126 2042 so
139 1978 224 2042 enim
253 1979 413 2062 quondam
438 1978 487 2043 illi
509 1978 568 2042 deo
598 1999 778 2063 cognomen
805 1980 956 2063 ascripsit
985 1980 1013 2044 is
1043 1982 1107 2066 qui,

138 2083 210 2127 oum
233 2064 355 2145 pirates
377 2063 523 2127 oneraria
544 2084 626 2126 naue
649 2063 798 2144 uicisset,
828 2064 961 2147 abipso
983 2066 1108 2130 audiuit

137 2146 277 2211 Hercule
298 2169 357 2232 per
378 2148 518 2231 quietem
540 2146 625 2211 illius
645 2169 705 2231 ope
725 2150 892 2212 uictoriam
915 2151 1106 2235 contigisse:

138 2234 226 2315 adeo,
242 2233 457 2297 sacratissime
469 2234 653 2316 imperator,
669 2232 779 2296 multis
794 2234 857 2297 iam
874 2234 1008 2298 saeculis
1024 2235 1108 2299 inter

138 2317 245 2382 officia
267 2323 316 2382 est
337 2318 477 2383 numinis
502 2318 551 2382 tui
574 2338 722 2401 superare
744 2318 876 2401 piratas.

99 2423 125 2464 2⁵
194 2402 283 2468 XIV.
335 2402 397 2469 Sed
427 2403 572 2486 profecto
600 2406 723 2466 mature
754 2400 809 2466 ille
836 2401 1002 2467 illucescet
1031 2402 1106 2481 dies,

140 2509 212 2551 cum
233 2510 291 2552 uos
314 2489 422 2553 uideat
443 2487 548 2552 Roma
576 2487 714 2551 uictores
736 2490 769 2550 et
790 2486 930 2550 alacrem
951 2487 1013 2550 sub
1036 2488 1107 2552 dex·

138 2575 209 2635 tera
235 2573 351 2655 filium,
387 2593 482 2654 quern
510 2572 550 2634 ad
577 2570 816 2635 honestissimas
845 2574 930 2634 artes
959 2572 1107 2637 omnibus

137 2654 264 2737 ingenii
292 2655 385 2718 bonis
413 2657 560 2717 ornatum
590 2656 667 2719 felix
696 2653 810 2737 aliquis
837 2658 1029 2739 praeceptor
1057 2678 1107 2721 ex·

100 2739 262 2884 misellirii'
291 2738 342 2801 cui
369 2735 594 2885 nuellllpffllpbtffe
609 2738 782 2887 taplustablit
808 2739 952 2888 tsiliuirlpaprt
980 2739 1107 2837 immor·

138 2842 549 2971 necespeueerppopamillosa
558 2845 607 2971 ets
617 2845 1028 2974 illeliiiloimetlscuiioinet
1042 2846 1107 2975 ppap

138 2992 231 3053 tenes
252 3011 430 3074 proponere
457 2989 497 3054 ad
525 2991 730 3076 imitandnm3
758 2993 834 3076 quin
864 2993 971 3077 potius
998 2996 1108 3059 nestra

140 3126 342 3137 -—-——-..

207 3213 223 3260 2
243 3211 343 3262 fratres
362 3213 487 3276 quamuis
505 3211 572 3278 016
590 3213 674 3264 latior
692 3212 760 3279 018
781 3214 898 3264 redeant
918 3213 953 3264 ad
971 3221 1001 3266 te
1020 3213 1107 3280 (11113

139 3278 208 3343 Imp.
226 3278 306 3329 svs
325 3280 505 3344 imperatores
523 3277 633 3345 110711
657 3284 688 3331 14
706 3283 825 3345 stipatos
843 3283 860 3329 (l
878 3295 914 3330 w:
934 3282 1040 3348 stipato
1057 3282 1108 3332 15²

141 3347 173 3395 18
190 3345 341 3397 identidem
359 3361 378 3395 n
394 3346 485 3400 Beris
507 3348 581 3398 idsnt
598 3351 621 3397 Δ
637 3348 657 3397 B
680 3350 717 3410 (in
731 3352 784 3411 fine
801 3347 895 3412 lineae)
918 3363 932 3397 r
949 3351 973 3398 V
995 3350 1067 3401 idem
1083 3364 1107 3399 m

139 3410 239 3462 ibidem
251 3426 276 3460 w
288 3410 299 3478 11
311 3416 344 3465 20
363 3415 497 3479 ascripsit
510 3416 533 3465 is
546 3417 689 3466 Puteanus:
709 3417 878 3480 ascripsistis
891 3417 918 3464 li
936 3418 1107 3482 asscripsisti

139 3476 214 3528 Bm.
227 3476 237 3542 11
255 3481 288 3530 23
307 3496 362 3531 sec.
378 3481 481 3531 GVWz
500 3479 583 3533 saili
602 3484 679 3533 eatA
695 3480 706 3548 1
722 3485 756 3532 24
773 3485 892 3534 numinis
909 3486 951 3535 tni
967 3488 1041 3535 esto
1053 3482 1064 3550 1
1076 3487 1108 3535 at

139 3543 286 3596 illucescat
297 3546 371 3598 Bere.
384 3546 395 3614 1
408 3549 440 3601 28
453 3555 579 3602 ornatum
590 3552 699 3616 scripsi:
710 3556 808 3601 uatum
816 3553 843 3600 1
856 3548 866 3617 1
879 3554 910 3602 el
923 3552 1044 3604 camelos
1056 3552 1107 3601 An
