<?xml version="1.0" encoding="UTF-8"?>
<!DOCTYPE html PUBLIC "-//W3C//DTD XHTML 1.0 Transitional//EN"
    "http://www.w3.org/TR/xhtml1/DTD/xhtml1-transitional.dtd">
<html xmlns="http://www.w3.org/1999/xhtml" xml:lang="en" lang="en">
 <head>
  <title>
</title>
<meta http-equiv="Content-Type" content="text/html;charset=utf-8" />
  <meta name='ocr-system' content='tesseract 3.04.00' />
  <meta name='ocr-capabilities' content='ocr_page ocr_carea ocr_par ocr_line ocrx_word'/>
</head>
<body>
  <div class='ocr_page' id='page_1' title='image "./xiipanegyricila01baehgoog_0138.png"; bbox 0 0 2406 4012; ppageno 0'>
   <div class='ocr_carea' id='block_1_1' title="bbox 288 101 1028 165">
    <p class='ocr_par' dir='ltr' id='par_1_1' title="bbox 288 101 1028 165">
     <span class='ocr_line' id='line_1_1' title="bbox 288 101 1028 165; baseline 0.001 -12"><span class='ocrx_word' id='word_1_1' title='bbox 288 102 472 154; x_wconf 81' lang='lat' dir='ltr'><strong>GENETHL.</strong></span> <span class='ocrx_word' id='word_1_2' title='bbox 489 103 698 155; x_wconf 77' lang='lat' dir='ltr'>MAXIMIANI.</span> <span class='ocrx_word' id='word_1_3' title='bbox 722 106 797 154; x_wconf 77' lang='lat'><strong>3-5.</strong></span> <span class='ocrx_word' id='word_1_4' title='bbox 965 101 1028 165; x_wconf 76' lang='grc'>105</span> 
     </span>
    </p>
   </div>
   <div class='ocr_carea' id='block_1_2' title="bbox 43 252 1068 3117">
    <p class='ocr_par' dir='ltr' id='par_1_2' title="bbox 43 252 1068 3117">
     <span class='ocr_line' id='line_1_2' title="bbox 43 252 1026 336; baseline -0.003 -17"><span class='ocrx_word' id='word_1_5' title='bbox 43 254 191 333; x_wconf 82' lang='lat' dir='ltr'>bamus,</span> <span class='ocrx_word' id='word_1_6' title='bbox 228 252 312 336; x_wconf 90' lang='lat' dir='ltr'>quod</span> <span class='ocrx_word' id='word_1_7' title='bbox 343 252 563 336; x_wconf 77' lang='lat' dir='ltr'>expeditiones</span> <span class='ocrx_word' id='word_1_8' title='bbox 599 256 723 316; x_wconf 87' lang='lat' dir='ltr'>uestras</span> <span class='ocrx_word' id='word_1_9' title='bbox 759 273 927 316; x_wconf 91' lang='lat' dir='ltr'>numerare</span> <span class='ocrx_word' id='word_1_10' title='bbox 959 274 1026 316; x_wconf 86' lang='lat' dir='ltr'>non</span> 
     </span>
     <span class='ocr_line' id='line_1_3' title="bbox 46 336 1026 423; baseline -0.002 -21"><span class='ocrx_word' id='word_1_11' title='bbox 46 357 246 423; x_wconf 85' lang='lat' dir='ltr'>possum-us,</span> <span class='ocrx_word' id='word_1_12' title='bbox 276 336 362 421; x_wconf 91' lang='lat' dir='ltr'>quod</span> <span class='ocrx_word' id='word_1_13' title='bbox 389 337 508 401; x_wconf 88' lang='lat' dir='ltr'>diutius</span> <span class='ocrx_word' id='word_1_14' title='bbox 535 337 569 401; x_wconf 91' lang='lat' dir='ltr'>in</span> <span class='ocrx_word' id='word_1_15' title='bbox 595 337 698 402; x_wconf 87' lang='lat' dir='ltr'>isdem</span> <span class='ocrx_word' id='word_1_16' title='bbox 724 357 854 400; x_wconf 87' lang='lat' dir='ltr'>manere</span> <span class='ocrx_word' id='word_1_17' title='bbox 881 336 1026 420; x_wconf 84' lang='lat' dir='ltr'>uestigiis</span> 
     </span>
     <span class='ocr_line' id='line_1_4' title="bbox 51 420 1026 506; baseline -0.003 -19"><span class='ocrx_word' id='word_1_18' title='bbox 51 420 295 505; x_wconf 80' lang='lat' dir='ltr'>dedignamini,</span> <span class='ocrx_word' id='word_1_19' title='bbox 324 421 410 506; x_wconf 90' lang='lat' dir='ltr'>quod</span> <span class='ocrx_word' id='word_1_20' title='bbox 431 442 489 485; x_wconf 89' lang='lat' dir='ltr'>uos</span> <span class='ocrx_word' id='word_1_21' title='bbox 512 443 531 485; x_wconf 91' lang='lat' dir='ltr'>a</span> <span class='ocrx_word' id='word_1_22' title='bbox 553 422 705 486; x_wconf 90' lang='lat' dir='ltr'>continuo</span> <span class='ocrx_word' id='word_1_23' title='bbox 728 442 822 485; x_wconf 89' lang='lat' dir='ltr'>cursu</span> <span class='ocrx_word' id='word_1_24' title='bbox 844 442 950 485; x_wconf 90' lang='lat' dir='ltr'>rerum</span> <span class='ocrx_word' id='word_1_25' title='bbox 972 442 1026 504; x_wconf 85' lang='lat' dir='ltr'>ge-</span> 
     </span>
     <span class='ocr_line' id='line_1_5' title="bbox 50 505 1026 571; baseline -0.003 0"><span class='ocrx_word' id='word_1_26' title='bbox 50 505 231 571; x_wconf 84' lang='lat' dir='ltr'>rendarum</span> <span class='ocrx_word' id='word_1_27' title='bbox 252 527 318 570; x_wconf 95' lang='lat' dir='ltr'>non</span> <span class='ocrx_word' id='word_1_28' title='bbox 335 506 430 570; x_wconf 91' lang='lat' dir='ltr'>modo</span> <span class='ocrx_word' id='word_1_29' title='bbox 449 506 625 570; x_wconf 75' lang='lat' dir='ltr'>amoenitas</span> <span class='ocrx_word' id='word_1_30' title='bbox 640 505 783 570; x_wconf 86' lang='lat' dir='ltr'>locorum</span> <span class='ocrx_word' id='word_1_31' title='bbox 806 510 861 569; x_wconf 87' lang='lat' dir='ltr'>aut</span> <span class='ocrx_word' id='word_1_32' title='bbox 875 505 1026 569; x_wconf 79' lang='lat' dir='ltr'>nobilitas</span> 
     </span>
     <span class='ocr_line' id='line_1_6' title="bbox 52 590 1054 674; baseline -0.008 -18"><span class='ocrx_word' id='word_1_33' title='bbox 52 590 202 674; x_wconf 84' lang='lat' dir='ltr'>urbium,</span> <span class='ocrx_word' id='word_1_34' title='bbox 231 590 287 655; x_wconf 91' lang='lat' dir='ltr'>sed</span> <span class='ocrx_word' id='word_1_35' title='bbox 308 611 351 655; x_wconf 96' lang='lat' dir='ltr'>ne</span> <span class='ocrx_word' id='word_1_36' title='bbox 371 590 444 674; x_wconf 89' lang='lat' dir='ltr'>ipsa</span> <span class='ocrx_word' id='word_1_37' title='bbox 465 590 592 673; x_wconf 90' lang='lat' dir='ltr'>quidem</span> <span class='ocrx_word' id='word_1_38' title='bbox 619 591 827 654; x_wconf 88' lang='lat' dir='ltr'>uictoriarum</span> <span class='ocrx_word' id='word_1_39' title='bbox 849 592 1054 654; x_wconf 77' lang='lat' dir='ltr'>uestrarumo</span> 
     </span>
     <span class='ocr_line' id='line_1_7' title="bbox 53 674 1026 756; baseline -0.003 -15"><span class='ocrx_word' id='word_1_40' title='bbox 53 675 184 741; x_wconf 82' lang='lat' dir='ltr'>laetitia</span> <span class='ocrx_word' id='word_1_41' title='bbox 209 677 395 739; x_wconf 77' lang='lat' dir='ltr'>remoratur.</span> <span class='ocrx_word' id='word_1_42' title='bbox 439 675 531 738; x_wconf 89' lang='lat' dir='ltr'>illum</span> <span class='ocrx_word' id='word_1_43' title='bbox 552 675 647 739; x_wconf 91' lang='lat' dir='ltr'>modo</span> <span class='ocrx_word' id='word_1_44' title='bbox 671 674 762 756; x_wconf 82' lang='lat' dir='ltr'>Syria</span> <span class='ocrx_word' id='word_1_45' title='bbox 783 675 924 738; x_wconf 86' lang='lat' dir='ltr'>uiderat:</span> <span class='ocrx_word' id='word_1_46' title='bbox 961 675 1026 738; x_wconf 90' lang='lat' dir='ltr'>iam</span> 
     </span>
     <span class='ocr_line' id='line_1_8' title="bbox 55 758 1025 842; baseline -0.004 -16"><span class='ocrx_word' id='word_1_47' title='bbox 55 759 229 826; x_wconf 82' lang='lat' dir='ltr'>Pannonia</span> <span class='ocrx_word' id='word_1_48' title='bbox 256 761 448 842; x_wconf 76' lang='lat' dir='ltr'>susceperat.</span> <span class='ocrx_word' id='word_1_49' title='bbox 492 762 528 822; x_wconf 94' lang='lat' dir='ltr'>tu</span> <span class='ocrx_word' id='word_1_50' title='bbox 550 760 643 822; x_wconf 91' lang='lat' dir='ltr'>modo</span> <span class='ocrx_word' id='word_1_51' title='bbox 666 758 789 822; x_wconf 81' lang='lat' dir='ltr'>Galliae</span> <span class='ocrx_word' id='word_1_52' title='bbox 814 758 932 841; x_wconf 90' lang='lat' dir='ltr'>oppida</span> <span class='ocrx_word' id='word_1_53' title='bbox 954 759 1025 822; x_wconf 93' lang='lat' dir='ltr'>illu-</span> 
     </span>
     <span class='ocr_line' id='line_1_9' title="bbox 56 841 1025 925; baseline -0.003 -17"><span class='ocrx_word' id='word_1_54' title='bbox 56 846 235 909; x_wconf 85' lang='lat' dir='ltr'>straueras:</span> <span class='ocrx_word' id='word_1_55' title='bbox 257 844 323 908; x_wconf 91' lang='lat' dir='ltr'>iam</span> <span class='ocrx_word' id='word_1_56' title='bbox 344 865 484 907; x_wconf 85' lang='lat' dir='ltr'>summas</span> <span class='ocrx_word' id='word_1_57' title='bbox 505 864 593 907; x_wconf 85' lang='lat' dir='ltr'>arces</span> <span class='ocrx_word' id='word_1_58' title='bbox 608 843 757 906; x_wconf 84' lang='lat' dir='ltr'>Monoeci</span> <span class='ocrx_word' id='word_1_59' title='bbox 769 841 918 906; x_wconf 90' lang='lat' dir='ltr'>Herculis</span> <span class='ocrx_word' id='word_1_60' title='bbox 936 864 1025 925; x_wconf 87' lang='lat' dir='ltr'>prae-</span> 
     </span>
     <span class='ocr_line' id='line_1_10' title="bbox 56 926 1026 1010; baseline -0.003 -18"><span class='ocrx_word' id='word_1_61' title='bbox 56 928 189 993; x_wconf 86' lang='lat' dir='ltr'>teribas.</span> <span class='ocrx_word' id='word_1_62' title='bbox 230 928 335 1010; x_wconf 89' lang='lat' dir='ltr'>ambo,</span> <span class='ocrx_word' id='word_1_63' title='bbox 360 949 431 991; x_wconf 91' lang='lat' dir='ltr'>cum</span> <span class='ocrx_word' id='word_1_64' title='bbox 453 927 493 990; x_wconf 89' lang='lat' dir='ltr'>ad</span> <span class='ocrx_word' id='word_1_65' title='bbox 515 927 670 991; x_wconf 83' lang='lat' dir='ltr'>orientem</span> <span class='ocrx_word' id='word_1_66' title='bbox 693 926 952 1010; x_wconf 88' lang='lat' dir='ltr'>occidentemque</span> <span class='ocrx_word' id='word_1_67' title='bbox 975 947 1026 989; x_wconf 90' lang='lat' dir='ltr'>oc·</span> 
     </span>
     <span class='ocr_line' id='line_1_11' title="bbox 57 1009 1066 1096; baseline -0.002 -19"><span class='ocrx_word' id='word_1_68' title='bbox 57 1013 170 1096; x_wconf 87' lang='lat' dir='ltr'>cupari</span> <span class='ocrx_word' id='word_1_69' title='bbox 190 1012 399 1095; x_wconf 88' lang='lat' dir='ltr'>putaremini,</span> <span class='ocrx_word' id='word_1_70' title='bbox 429 1014 561 1095; x_wconf 89' lang='lat' dir='ltr'>repente</span> <span class='ocrx_word' id='word_1_71' title='bbox 582 1012 617 1075; x_wconf 94' lang='lat' dir='ltr'>in</span> <span class='ocrx_word' id='word_1_72' title='bbox 639 1011 744 1075; x_wconf 92' lang='lat' dir='ltr'>medio</span> <span class='ocrx_word' id='word_1_73' title='bbox 765 1009 881 1074; x_wconf 89' lang='lat' dir='ltr'>Italiae</span> <span class='ocrx_word' id='word_1_74' title='bbox 903 1010 1025 1094; x_wconf 85' lang='lat' dir='ltr'>gremio</span> <span class='ocrx_word' id='word_1_75' title='bbox 1040 1028 1066 1069; x_wconf 76' lang='grc' dir='ltr'>ιο</span> 
     </span>
     <span class='ocr_line' id='line_1_12' title="bbox 57 1096 1025 1181; baseline -0.003 -20"><span class='ocrx_word' id='word_1_76' title='bbox 57 1096 265 1181; x_wconf 84' lang='lat' dir='ltr'>apparuistis.</span> <span class='ocrx_word' id='word_1_77' title='bbox 293 1096 353 1160; x_wconf 89' lang='lat' dir='ltr'>hos</span> <span class='ocrx_word' id='word_1_78' title='bbox 372 1096 496 1160; x_wconf 85' lang='lat' dir='ltr'>fructus</span> <span class='ocrx_word' id='word_1_79' title='bbox 519 1098 633 1180; x_wconf 88' lang='lat' dir='ltr'>capitis</span> <span class='ocrx_word' id='word_1_80' title='bbox 655 1117 786 1179; x_wconf 90' lang='lat' dir='ltr'>operum</span> <span class='ocrx_word' id='word_1_81' title='bbox 804 1096 1025 1177; x_wconf 87' lang='lat' dir='ltr'>maximorum,</span> 
     </span>
     <span class='ocr_line' id='line_1_13' title="bbox 57 1181 1026 1264; baseline -0.004 -18"><span class='ocrx_word' id='word_1_82' title='bbox 57 1181 108 1246; x_wconf 86' lang='lat' dir='ltr'>sic</span> <span class='ocrx_word' id='word_1_83' title='bbox 130 1181 259 1245; x_wconf 91' lang='lat' dir='ltr'>interim</span> <span class='ocrx_word' id='word_1_84' title='bbox 280 1181 466 1245; x_wconf 86' lang='lat' dir='ltr'>meritorum</span> <span class='ocrx_word' id='word_1_85' title='bbox 488 1181 684 1245; x_wconf 88' lang='lat' dir='ltr'>conscientia</span> <span class='ocrx_word' id='word_1_86' title='bbox 704 1181 925 1264; x_wconf 89' lang='lat' dir='ltr'>triumphatis,</span> <span class='ocrx_word' id='word_1_87' title='bbox 951 1181 1026 1243; x_wconf 92' lang='lat' dir='ltr'>dum</span> 
     </span>
     <span class='ocr_line' id='line_1_14' title="bbox 56 1264 1026 1349; baseline -0.004 -18"><span class='ocrx_word' id='word_1_88' title='bbox 56 1264 241 1349; x_wconf 85' lang='lat' dir='ltr'>triumphos</span> <span class='ocrx_word' id='word_1_89' title='bbox 275 1266 362 1349; x_wconf 88' lang='lat' dir='ltr'>ipsos</span> <span class='ocrx_word' id='word_1_90' title='bbox 397 1287 523 1349; x_wconf 87' lang='lat' dir='ltr'>semper</span> <span class='ocrx_word' id='word_1_91' title='bbox 553 1265 711 1330; x_wconf 90' lang='lat' dir='ltr'>uincendo</span> <span class='ocrx_word' id='word_1_92' title='bbox 744 1264 893 1348; x_wconf 85' lang='lat' dir='ltr'>differtis,</span> <span class='ocrx_word' id='word_1_93' title='bbox 932 1264 1026 1347; x_wconf 91' lang='lat' dir='ltr'>quod,</span> 
     </span>
     <span class='ocr_line' id='line_1_15' title="bbox 56 1348 1027 1435; baseline -0.005 -20"><span class='ocrx_word' id='word_1_94' title='bbox 56 1370 268 1435; x_wconf 84' lang='lat' dir='ltr'>quaecunque</span> <span class='ocrx_word' id='word_1_95' title='bbox 288 1348 504 1434; x_wconf 89' lang='lat' dir='ltr'>pulcherrima</span> <span class='ocrx_word' id='word_1_96' title='bbox 517 1349 633 1432; x_wconf 86' lang='lat' dir='ltr'>facitis,</span> <span class='ocrx_word' id='word_1_97' title='bbox 658 1349 809 1414; x_wconf 90' lang='lat' dir='ltr'>continuo</span> <span class='ocrx_word' id='word_1_98' title='bbox 829 1349 972 1412; x_wconf 84' lang='lat' dir='ltr'>transitis</span> <span class='ocrx_word' id='word_1_99' title='bbox 994 1352 1027 1411; x_wconf 92' lang='lat' dir='ltr'>et</span> 
     </span>
     <span class='ocr_line' id='line_1_16' title="bbox 58 1433 1067 1518; baseline -0.005 -19"><span class='ocrx_word' id='word_1_100' title='bbox 58 1435 102 1499; x_wconf 87' lang='lat' dir='ltr'>ad</span> <span class='ocrx_word' id='word_1_101' title='bbox 123 1433 245 1499; x_wconf 89' lang='lat' dir='ltr'>maiora</span> <span class='ocrx_word' id='word_1_102' title='bbox 266 1434 455 1518; x_wconf 88' lang='lat' dir='ltr'>properatis,</span> <span class='ocrx_word' id='word_1_103' title='bbox 477 1439 524 1517; x_wconf 87' lang='lat' dir='ltr'>ut,</span> <span class='ocrx_word' id='word_1_104' title='bbox 547 1434 623 1497; x_wconf 91' lang='lat' dir='ltr'>dum</span> <span class='ocrx_word' id='word_1_105' title='bbox 644 1434 782 1517; x_wconf 84' lang='lat' dir='ltr'>uestigia</span> <span class='ocrx_word' id='word_1_106' title='bbox 803 1438 910 1496; x_wconf 87' lang='lat' dir='ltr'>uestra</span> <span class='ocrx_word' id='word_1_107' title='bbox 933 1433 1026 1495; x_wconf 88' lang='lat' dir='ltr'>mira·</span> <span class='ocrx_word' id='word_1_108' title='bbox 1040 1448 1067 1488; x_wconf 74' lang='lat'>1⁵</span> 
     </span>
     <span class='ocr_line' id='line_1_17' title="bbox 56 1517 1025 1602; baseline -0.005 -19"><span class='ocrx_word' id='word_1_109' title='bbox 56 1539 135 1583; x_wconf 88' lang='lat' dir='ltr'>mur</span> <span class='ocrx_word' id='word_1_110' title='bbox 155 1517 292 1602; x_wconf 90' lang='lat' dir='ltr'>dumque</span> <span class='ocrx_word' id='word_1_111' title='bbox 313 1540 370 1582; x_wconf 88' lang='lat' dir='ltr'>uos</span> <span class='ocrx_word' id='word_1_112' title='bbox 393 1519 497 1583; x_wconf 90' lang='lat' dir='ltr'>adhuc</span> <span class='ocrx_word' id='word_1_113' title='bbox 519 1539 588 1582; x_wconf 89' lang='lat' dir='ltr'>esse</span> <span class='ocrx_word' id='word_1_114' title='bbox 613 1519 648 1582; x_wconf 94' lang='lat' dir='ltr'>in</span> <span class='ocrx_word' id='word_1_115' title='bbox 671 1520 844 1600; x_wconf 91' lang='lat' dir='ltr'>conspectu</span> <span class='ocrx_word' id='word_1_116' title='bbox 866 1520 1025 1599; x_wconf 85' lang='lat' dir='ltr'>putamus,</span> 
     </span>
     <span class='ocr_line' id='line_1_18' title="bbox 57 1600 1027 1686; baseline -0.005 -19"><span class='ocrx_word' id='word_1_117' title='bbox 57 1604 126 1667; x_wconf 88' lang='lat' dir='ltr'>iam</span> <span class='ocrx_word' id='word_1_118' title='bbox 158 1603 198 1667; x_wconf 89' lang='lat' dir='ltr'>de</span> <span class='ocrx_word' id='word_1_119' title='bbox 231 1603 323 1667; x_wconf 90' lang='lat' dir='ltr'>uobis</span> <span class='ocrx_word' id='word_1_120' title='bbox 358 1603 522 1666; x_wconf 88' lang='lat' dir='ltr'>audiamus</span> <span class='ocrx_word' id='word_1_121' title='bbox 556 1603 735 1686; x_wconf 82' lang='lat' dir='ltr'>longinqua</span> <span class='ocrx_word' id='word_1_122' title='bbox 767 1600 929 1667; x_wconf 89' lang='lat' dir='ltr'>miracula.</span> <span class='ocrx_word' id='word_1_123' title='bbox 980 1601 1027 1663; x_wconf 90' lang='lat' dir='ltr'>ita</span> 
     </span>
     <span class='ocr_line' id='line_1_19' title="bbox 58 1684 1027 1770; baseline -0.005 -18"><span class='ocrx_word' id='word_1_124' title='bbox 58 1707 172 1752; x_wconf 88' lang='lat' dir='ltr'>omnes</span> <span class='ocrx_word' id='word_1_125' title='bbox 208 1687 392 1770; x_wconf 88' lang='lat' dir='ltr'>prouinciae</span> <span class='ocrx_word' id='word_1_126' title='bbox 428 1689 569 1770; x_wconf 86' lang='lat' dir='ltr'>uestrae,</span> <span class='ocrx_word' id='word_1_127' title='bbox 608 1707 686 1769; x_wconf 87' lang='lat' dir='ltr'>ques</span> <span class='ocrx_word' id='word_1_128' title='bbox 718 1685 829 1748; x_wconf 90' lang='lat' dir='ltr'>diuina</span> <span class='ocrx_word' id='word_1_129' title='bbox 865 1684 1027 1748; x_wconf 88' lang='lat' dir='ltr'>celeritate</span> 
     </span>
     <span class='ocr_line' id='line_1_20' title="bbox 56 1769 1026 1856; baseline -0.004 -20"><span class='ocrx_word' id='word_1_130' title='bbox 56 1772 267 1856; x_wconf 82' lang='lat' dir='ltr'>peragrastis,</span> <span class='ocrx_word' id='word_1_131' title='bbox 290 1772 344 1836; x_wconf 92' lang='lat' dir='ltr'>ubi</span> <span class='ocrx_word' id='word_1_132' title='bbox 360 1771 431 1836; x_wconf 89' lang='lat' dir='ltr'>sitis</span> <span class='ocrx_word' id='word_1_133' title='bbox 452 1771 595 1835; x_wconf 89' lang='lat' dir='ltr'>uicissim</span> <span class='ocrx_word' id='word_1_134' title='bbox 610 1770 775 1855; x_wconf 69' lang='lat' dir='ltr'>nesciunt,</span> <span class='ocrx_word' id='word_1_135' title='bbox 798 1769 904 1834; x_wconf 88' lang='lat' dir='ltr'>sciunt</span> <span class='ocrx_word' id='word_1_136' title='bbox 918 1775 1026 1833; x_wconf 89' lang='lat' dir='ltr'>tamen</span> 
     </span>
     <span class='ocr_line' id='line_1_21' title="bbox 58 1856 1067 1940; baseline -0.005 -18"><span class='ocrx_word' id='word_1_137' title='bbox 58 1878 119 1922; x_wconf 89' lang='lat' dir='ltr'>uos</span> <span class='ocrx_word' id='word_1_138' title='bbox 141 1856 258 1940; x_wconf 91' lang='lat' dir='ltr'>ubique</span> <span class='ocrx_word' id='word_1_139' title='bbox 278 1856 404 1923; x_wconf 89' lang='lat' dir='ltr'>uicisse.</span> <span class='ocrx_word' id='word_1_140' title='bbox 1040 1869 1067 1909; x_wconf 76' lang='lat'>20</span> 
     </span>
     <span class='ocr_line' id='line_1_22' title="bbox 125 1938 1025 2023; baseline -0.001 -20"><span class='ocrx_word' id='word_1_141' title='bbox 125 1938 168 2004; x_wconf 89' lang='lat' dir='ltr'>V.</span> <span class='ocrx_word' id='word_1_142' title='bbox 219 1939 281 2005; x_wconf 83' lang='lat' dir='ltr'>seu</span> <span class='ocrx_word' id='word_1_143' title='bbox 310 1941 349 2005; x_wconf 94' lang='lat' dir='ltr'>de</span> <span class='ocrx_word' id='word_1_144' title='bbox 380 1940 475 2004; x_wconf 89' lang='lat' dir='ltr'>rebus</span> <span class='ocrx_word' id='word_1_145' title='bbox 504 1940 628 2004; x_wconf 81' lang='lat' dir='ltr'>bellicis</span> <span class='ocrx_word' id='word_1_146' title='bbox 662 1938 867 2023; x_wconf 85' lang='lat' dir='ltr'>uictoriisque</span> <span class='ocrx_word' id='word_1_147' title='bbox 899 1939 1025 2020; x_wconf 75' lang='lat' dir='ltr'>uestriS,</span> 
     </span>
     <span class='ocr_line' id='line_1_23' title="bbox 58 2022 1028 2107; baseline -0.004 -18"><span class='ocrx_word' id='word_1_148' title='bbox 58 2022 277 2089; x_wconf 85' lang='lat' dir='ltr'>sacratissime</span> <span class='ocrx_word' id='word_1_149' title='bbox 303 2025 348 2089; x_wconf 90' lang='lat' dir='ltr'>im</span> <span class='ocrx_word' id='word_1_150' title='bbox 372 2027 492 2107; x_wconf 89' lang='lat' dir='ltr'>erator,</span> <span class='ocrx_word' id='word_1_151' title='bbox 524 2024 672 2088; x_wconf 90' lang='lat' dir='ltr'>etmulti</span> <span class='ocrx_word' id='word_1_152' title='bbox 699 2046 821 2088; x_wconf 88' lang='lat' dir='ltr'>summe</span> <span class='ocrx_word' id='word_1_153' title='bbox 847 2023 1028 2106; x_wconf 87' lang='lat' dir='ltr'>eloquentia</span> 
     </span>
     <span class='ocr_line' id='line_1_24' title="bbox 58 2047 1026 2193; baseline -0.005 -20"><span class='ocrx_word' id='word_1_154' title='bbox 58 2109 198 2193; x_wconf 90' lang='lat' dir='ltr'>praediti</span> <span class='ocrx_word' id='word_1_155' title='bbox 225 2130 320 2192; x_wconf 88' lang='lat' dir='ltr'>saepe</span> <span class='ocrx_word' id='word_1_156' title='bbox 347 2047 496 2173; x_wconf 83' lang='lat' dir='ltr'>dixerunt</span> <span class='ocrx_word' id='word_1_157' title='bbox 528 2116 561 2173; x_wconf 87' lang='lat' dir='ltr'>et</span> <span class='ocrx_word' id='word_1_158' title='bbox 588 2131 647 2193; x_wconf 83' lang='lat' dir='ltr'>ego</span> <span class='ocrx_word' id='word_1_159' title='bbox 675 2109 814 2191; x_wconf 86' lang='lat' dir='ltr'>pridem,</span> <span class='ocrx_word' id='word_1_160' title='bbox 848 2130 920 2171; x_wconf 91' lang='lat' dir='ltr'>oum</span> <span class='ocrx_word' id='word_1_161' title='bbox 947 2106 1026 2169; x_wconf 91' lang='lat' dir='ltr'>mihi</span> 
     </span>
     <span class='ocr_line' id='line_1_25' title="bbox 59 2189 1026 2290; baseline -0.007 -33"><span class='ocrx_word' id='word_1_162' title='bbox 59 2193 235 2258; x_wconf 85' lang='lat' dir='ltr'>auditionis</span> <span class='ocrx_word' id='word_1_163' title='bbox 262 2194 336 2257; x_wconf 87' lang='lat' dir='ltr'>tuae</span> <span class='ocrx_word' id='word_1_164' title='bbox 359 2193 469 2257; x_wconf 85' lang='lat' dir='ltr'>diuina</span> <span class='ocrx_word' id='word_1_165' title='bbox 491 2193 636 2290; x_wconf 79' lang='lat' dir='ltr'>dignatio</span> <span class='ocrx_word' id='word_1_166' title='bbox 665 2214 735 2256; x_wconf 89' lang='lat' dir='ltr'>eam</span> <span class='ocrx_word' id='word_1_167' title='bbox 758 2193 882 2273; x_wconf 88' lang='lat' dir='ltr'>copiam</span> <span class='ocrx_word' id='word_1_168' title='bbox 905 2189 1026 2269; x_wconf 86' lang='lat' dir='ltr'>tribuit,</span> 
     </span>
     <span class='ocr_line' id='line_1_26' title="bbox 60 2273 1068 2362; baseline -0.006 -20"><span class='ocrx_word' id='word_1_169' title='bbox 60 2280 218 2362; x_wconf 88' lang='lat' dir='ltr'>quantum</span> <span class='ocrx_word' id='word_1_170' title='bbox 234 2278 550 2361; x_wconf 87' lang='lat' dir='ltr'>potui,praedicau1.</span> <span class='ocrx_word' id='word_1_171' title='bbox 580 2275 675 2339; x_wconf 91' lang='lat' dir='ltr'>hodie</span> <span class='ocrx_word' id='word_1_172' title='bbox 696 2296 772 2338; x_wconf 90' lang='lat' dir='ltr'>uero</span> <span class='ocrx_word' id='word_1_173' title='bbox 795 2276 822 2336; x_wconf 88' lang='lat' dir='ltr'>si</span> <span class='ocrx_word' id='word_1_174' title='bbox 844 2274 883 2337; x_wconf 92' lang='lat' dir='ltr'>de</span> <span class='ocrx_word' id='word_1_175' title='bbox 905 2273 1027 2336; x_wconf 90' lang='lat' dir='ltr'>duabus</span> <span class='ocrx_word' id='word_1_176' title='bbox 1041 2288 1068 2329; x_wconf 74' lang='lat'>25</span> 
     </span>
     <span class='ocr_line' id='line_1_27' title="bbox 58 2356 1028 2446; baseline -0.009 -19"><span class='ocrx_word' id='word_1_177' title='bbox 58 2362 172 2446; x_wconf 88' lang='lat' dir='ltr'>rebus,</span> <span class='ocrx_word' id='word_1_178' title='bbox 204 2382 283 2445; x_wconf 87' lang='lat' dir='ltr'>quas</span> <span class='ocrx_word' id='word_1_179' title='bbox 316 2362 356 2426; x_wconf 89' lang='lat' dir='ltr'>ad</span> <span class='ocrx_word' id='word_1_180' title='bbox 383 2362 444 2426; x_wconf 91' lang='lat' dir='ltr'>hoc</span> <span class='ocrx_word' id='word_1_181' title='bbox 470 2364 597 2443; x_wconf 89' lang='lat' dir='ltr'>tempus</span> <span class='ocrx_word' id='word_1_182' title='bbox 628 2358 811 2442; x_wconf 87' lang='lat' dir='ltr'>aptissimas</span> <span class='ocrx_word' id='word_1_183' title='bbox 843 2357 907 2420; x_wconf 90' lang='lat' dir='ltr'>nisi</span> <span class='ocrx_word' id='word_1_184' title='bbox 933 2356 1028 2419; x_wconf 87' lang='lat' dir='ltr'>fallor</span> 
     </span>
     <span class='ocr_line' id='line_1_28' title="bbox 60 2441 1027 2530; baseline -0.008 -19"><span class='ocrx_word' id='word_1_185' title='bbox 60 2446 163 2530; x_wconf 83' lang='lat' dir='ltr'>elegi,</span> <span class='ocrx_word' id='word_1_186' title='bbox 197 2446 302 2511; x_wconf 81' lang='lat' dir='ltr'>dicere</span> <span class='ocrx_word' id='word_1_187' title='bbox 329 2445 409 2510; x_wconf 89' lang='lat' dir='ltr'>mihi</span> <span class='ocrx_word' id='word_1_188' title='bbox 436 2445 567 2508; x_wconf 85' lang='lat' dir='ltr'>fauente</span> <span class='ocrx_word' id='word_1_189' title='bbox 598 2447 705 2507; x_wconf 89' lang='lat' dir='ltr'>uestra</span> <span class='ocrx_word' id='word_1_190' title='bbox 732 2441 900 2505; x_wconf 88' lang='lat' dir='ltr'>maiestate</span> <span class='ocrx_word' id='word_1_191' title='bbox 928 2441 1027 2505; x_wconf 88' lang='lat' dir='ltr'>conti-</span> 
     </span>
     <span class='ocr_line' id='line_1_29' title="bbox 60 2527 1028 2615; baseline -0.006 -20"><span class='ocrx_word' id='word_1_192' title='bbox 60 2531 162 2615; x_wconf 78' lang='lat' dir='ltr'>gerit,</span> <span class='ocrx_word' id='word_1_193' title='bbox 196 2530 235 2594; x_wconf 90' lang='lat' dir='ltr'>de</span> <span class='ocrx_word' id='word_1_194' title='bbox 258 2530 372 2594; x_wconf 91' lang='lat' dir='ltr'>ceteris</span> <span class='ocrx_word' id='word_1_195' title='bbox 393 2530 523 2593; x_wconf 92' lang='lat' dir='ltr'>ueniam</span> <span class='ocrx_word' id='word_1_196' title='bbox 550 2527 671 2592; x_wconf 87' lang='lat' dir='ltr'>silentii</span> <span class='ocrx_word' id='word_1_197' title='bbox 693 2531 812 2610; x_wconf 88' lang='lat' dir='ltr'>petam.</span> <span class='ocrx_word' id='word_1_198' title='bbox 856 2548 923 2591; x_wconf 92' lang='lat' dir='ltr'>non</span> <span class='ocrx_word' id='word_1_199' title='bbox 945 2546 1028 2591; x_wconf 90' lang='lat' dir='ltr'>com-</span> 
     </span>
     <span class='ocr_line' id='line_1_30' title="bbox 60 2612 1028 2699; baseline -0.004 -21"><span class='ocrx_word' id='word_1_200' title='bbox 60 2636 204 2679; x_wconf 89' lang='lat' dir='ltr'>memoro</span> <span class='ocrx_word' id='word_1_201' title='bbox 225 2615 325 2699; x_wconf 87' lang='lat' dir='ltr'>igitur</span> <span class='ocrx_word' id='word_1_202' title='bbox 347 2614 465 2679; x_wconf 88' lang='lat' dir='ltr'>uirtute</span> <span class='ocrx_word' id='word_1_203' title='bbox 486 2617 593 2678; x_wconf 88' lang='lat' dir='ltr'>uestra</span> <span class='ocrx_word' id='word_1_204' title='bbox 615 2612 845 2696; x_wconf 80' lang='lat' dir='ltr'>rempublicam</span> <span class='ocrx_word' id='word_1_205' title='bbox 863 2612 1028 2676; x_wconf 89' lang='lat' dir='ltr'>dominatu</span> 
     </span>
     <span class='ocr_line' id='line_1_31' title="bbox 61 2695 1068 2781; baseline -0.009 -18"><span class='ocrx_word' id='word_1_206' title='bbox 61 2699 249 2763; x_wconf 83' lang='lat' dir='ltr'>saeuissime</span> <span class='ocrx_word' id='word_1_207' title='bbox 273 2699 455 2781; x_wconf 82' lang='lat' dir='ltr'>liberatam,</span> <span class='ocrx_word' id='word_1_208' title='bbox 484 2720 549 2764; x_wconf 85' lang='lat' dir='ltr'>non</span> <span class='ocrx_word' id='word_1_209' title='bbox 579 2698 649 2763; x_wconf 89' lang='lat' dir='ltr'>dico</span> <span class='ocrx_word' id='word_1_210' title='bbox 678 2698 882 2762; x_wconf 79' lang='lat' dir='ltr'>exacerbatos</span> <span class='ocrx_word' id='word_1_211' title='bbox 910 2695 1028 2760; x_wconf 91' lang='lat' dir='ltr'>saeculi</span> <span class='ocrx_word' id='word_1_212' title='bbox 1041 2713 1068 2753; x_wconf 86' lang='lat' dir='ltr'>ao</span> 
     </span>
     <span class='ocr_line' id='line_1_32' title="bbox 60 2780 1027 2867; baseline -0.004 -20"><span class='ocrx_word' id='word_1_213' title='bbox 60 2783 177 2867; x_wconf 89' lang='lat' dir='ltr'>prioris</span> <span class='ocrx_word' id='word_1_214' title='bbox 192 2782 317 2847; x_wconf 90' lang='lat' dir='ltr'>iniuriis</span> <span class='ocrx_word' id='word_1_215' title='bbox 337 2804 394 2867; x_wconf 89' lang='lat' dir='ltr'>per</span> <span class='ocrx_word' id='word_1_216' title='bbox 410 2783 611 2847; x_wconf 89' lang='lat' dir='ltr'>clementiam</span> <span class='ocrx_word' id='word_1_217' title='bbox 626 2786 765 2847; x_wconf 89' lang='lat' dir='ltr'>uestram</span> <span class='ocrx_word' id='word_1_218' title='bbox 786 2781 826 2845; x_wconf 91' lang='lat' dir='ltr'>ad</span> <span class='ocrx_word' id='word_1_219' title='bbox 842 2780 1027 2863; x_wconf 88' lang='lat' dir='ltr'>obsequium</span> 
     </span>
     <span class='ocr_line' id='line_1_33' title="bbox 60 2864 1028 2951; baseline -0.003 -22"><span class='ocrx_word' id='word_1_220' title='bbox 60 2866 182 2932; x_wconf 88' lang='lat' dir='ltr'>redisse</span> <span class='ocrx_word' id='word_1_221' title='bbox 203 2867 403 2951; x_wconf 88' lang='lat' dir='ltr'>prouincias,</span> <span class='ocrx_word' id='word_1_222' title='bbox 436 2868 529 2932; x_wconf 89' lang='lat' dir='ltr'>mitto</span> <span class='ocrx_word' id='word_1_223' title='bbox 557 2868 652 2931; x_wconf 90' lang='lat' dir='ltr'>etiam</span> <span class='ocrx_word' id='word_1_224' title='bbox 675 2866 742 2930; x_wconf 88' lang='lat' dir='ltr'>dies</span> <span class='ocrx_word' id='word_1_225' title='bbox 764 2866 862 2930; x_wconf 90' lang='lat' dir='ltr'>festos</span> <span class='ocrx_word' id='word_1_226' title='bbox 884 2864 1028 2928; x_wconf 88' lang='lat' dir='ltr'>uictoriis</span> 
     </span>
     <span class='ocr_line' id='line_1_34' title="bbox 59 2948 1029 3036; baseline -0.007 -21"><span class='ocrx_word' id='word_1_227' title='bbox 59 2951 295 3036; x_wconf 83' lang='lat' dir='ltr'>triumphisque</span> <span class='ocrx_word' id='word_1_228' title='bbox 324 2953 515 3032; x_wconf 76' lang='lat' dir='ltr'>celebratoS,</span> <span class='ocrx_word' id='word_1_229' title='bbox 544 2954 636 3016; x_wconf 89' lang='lat' dir='ltr'>taceo</span> <span class='ocrx_word' id='word_1_230' title='bbox 657 2949 814 3034; x_wconf 89' lang='lat' dir='ltr'>trophaea</span> <span class='ocrx_word' id='word_1_231' title='bbox 836 2948 1029 3015; x_wconf 83' lang='lat' dir='ltr'>Germanica</span> 
     </span>
     <span class='ocr_line' id='line_1_35' title="bbox 59 3030 1029 3117; baseline -0.007 -16"><span class='ocrx_word' id='word_1_232' title='bbox 59 3036 96 3100; x_wconf 87' lang='lat' dir='ltr'>in</span> <span class='ocrx_word' id='word_1_233' title='bbox 122 3037 228 3101; x_wconf 92' lang='lat' dir='ltr'>media</span> <span class='ocrx_word' id='word_1_234' title='bbox 255 3036 358 3101; x_wconf 87' lang='lat' dir='ltr'>defixa</span> <span class='ocrx_word' id='word_1_235' title='bbox 385 3036 547 3117; x_wconf 89' lang='lat' dir='ltr'>barbaria,</span> <span class='ocrx_word' id='word_1_236' title='bbox 581 3040 711 3099; x_wconf 87' lang='lat' dir='ltr'>transeo</span> <span class='ocrx_word' id='word_1_237' title='bbox 739 3035 875 3098; x_wconf 85' lang='lat' dir='ltr'>limitem</span> <span class='ocrx_word' id='word_1_238' title='bbox 897 3030 1029 3095; x_wconf 82' lang='lat' dir='ltr'>Raetiae</span> 
     </span>
    </p>
   </div>
   <div class='ocr_carea' id='block_1_3' title="bbox 59 3219 1029 3492">
    <p class='ocr_par' dir='ltr' id='par_1_3' title="bbox 59 3219 1029 3492">
     <span class='ocr_line' id='line_1_36' title="bbox 130 3219 1029 3289; baseline -0.004 -16"><span class='ocrx_word' id='word_1_239' title='bbox 130 3226 146 3273; x_wconf 77' lang='lat'><em>2</em></span> <span class='ocrx_word' id='word_1_240' title='bbox 164 3222 238 3273; x_wconf 85' lang='lat' dir='ltr'>idem</span> <span class='ocrx_word' id='word_1_241' title='bbox 256 3226 279 3273; x_wconf 99' lang='lat' dir='ltr'>A</span> <span class='ocrx_word' id='word_1_242' title='bbox 299 3223 309 3289; x_wconf 83' lang='grc' dir='ltr'>ΙΙ</span> <span class='ocrx_word' id='word_1_243' title='bbox 330 3228 346 3274; x_wconf 83' lang='grc'>3</span> <span class='ocrx_word' id='word_1_244' title='bbox 363 3224 444 3275; x_wconf 84' lang='lat' dir='ltr'>uobis</span> <span class='ocrx_word' id='word_1_245' title='bbox 461 3225 494 3274; x_wconf 81' lang='lat' dir='ltr'>W</span> <span class='ocrx_word' id='word_1_246' title='bbox 514 3223 518 3285; x_wconf 91' lang='grc' dir='ltr'>Ι</span> <span class='ocrx_word' id='word_1_247' title='bbox 538 3239 629 3273; x_wconf 87' lang='lat' dir='ltr'>rerum</span> <span class='ocrx_word' id='word_1_248' title='bbox 648 3238 730 3274; x_wconf 89' lang='lat' dir='ltr'>cursu</span> <span class='ocrx_word' id='word_1_249' title='bbox 747 3223 768 3272; x_wconf 85' lang='lat' dir='ltr'>B</span> <span class='ocrx_word' id='word_1_250' title='bbox 780 3224 797 3270; x_wconf 98' lang='grc'><strong>0</strong></span> <span class='ocrx_word' id='word_1_251' title='bbox 810 3223 832 3270; x_wconf 84' lang='lat' dir='ltr'>V</span> <span class='ocrx_word' id='word_1_252' title='bbox 853 3219 863 3286; x_wconf 84' lang='grc' dir='ltr'>ΙΙ</span> <span class='ocrx_word' id='word_1_253' title='bbox 886 3221 902 3268; x_wconf 84' lang='grc'><strong>8</strong></span> <span class='ocrx_word' id='word_1_254' title='bbox 920 3220 1029 3270; x_wconf 83' lang='lat' dir='ltr'>monaci</span> 
     </span>
     <span class='ocr_line' id='line_1_37' title="bbox 60 3287 1028 3356; baseline -0.002 -16"><span class='ocrx_word' id='word_1_255' title='bbox 60 3293 85 3340; x_wconf 89' lang='lat' dir='ltr'>A</span> <span class='ocrx_word' id='word_1_256' title='bbox 94 3292 115 3341; x_wconf 79' lang='lat' dir='ltr'>B</span> <span class='ocrx_word' id='word_1_257' title='bbox 125 3292 158 3339; x_wconf 75' lang='lat' dir='ltr'>V:</span> <span class='ocrx_word' id='word_1_258' title='bbox 176 3294 279 3342; x_wconf 79' lang='lat' dir='ltr'>moreti</span> <span class='ocrx_word' id='word_1_259' title='bbox 296 3295 314 3341; x_wconf 92' lang='grc'><strong>0</strong></span> <span class='ocrx_word' id='word_1_260' title='bbox 324 3294 357 3341; x_wconf 81' lang='lat' dir='ltr'>W</span> <span class='ocrx_word' id='word_1_261' title='bbox 368 3290 379 3356; x_wconf 73' lang='lat' dir='ltr'>l</span> <span class='ocrx_word' id='word_1_262' title='bbox 393 3294 424 3343; x_wconf 89' lang='lat'>18</span> <span class='ocrx_word' id='word_1_263' title='bbox 462 3308 512 3343; x_wconf 86' lang='lat' dir='ltr'>uas</span> <span class='ocrx_word' id='word_1_264' title='bbox 529 3293 550 3342; x_wconf 85' lang='lat' dir='ltr'>B</span> <span class='ocrx_word' id='word_1_265' title='bbox 559 3293 577 3339; x_wconf 92' lang='grc'><strong>0</strong></span> <span class='ocrx_word' id='word_1_266' title='bbox 586 3291 608 3338; x_wconf 83' lang='lat' dir='ltr'>V</span> <span class='ocrx_word' id='word_1_267' title='bbox 618 3304 655 3340; x_wconf 86' lang='lat' dir='ltr'>w:</span> <span class='ocrx_word' id='word_1_268' title='bbox 675 3306 758 3355; x_wconf 89' lang='lat' dir='ltr'>quam</span> <span class='ocrx_word' id='word_1_269' title='bbox 768 3291 791 3338; x_wconf 92' lang='lat' dir='ltr'>A</span> <span class='ocrx_word' id='word_1_270' title='bbox 804 3287 813 3354; x_wconf 87' lang='grc' dir='ltr'>ΙΙ</span> <span class='ocrx_word' id='word_1_271' title='bbox 826 3291 857 3338; x_wconf 77' lang='lat'>21</span> <span class='ocrx_word' id='word_1_272' title='bbox 876 3287 1028 3354; x_wconf 87' lang='lat' dir='ltr'>uictoriisq.</span> 
     </span>
     <span class='ocr_line' id='line_1_38' title="bbox 59 3307 1029 3425; baseline -0.004 -16"><span class='ocrx_word' id='word_1_273' title='bbox 59 3360 82 3409; x_wconf 72' lang='grc' dir='ltr'><strong><em>Β</em></strong></span> <span class='ocrx_word' id='word_1_274' title='bbox 94 3361 112 3409; x_wconf 89' lang='grc'><strong>0</strong></span> <span class='ocrx_word' id='word_1_275' title='bbox 124 3360 147 3407; x_wconf 78' lang='lat' dir='ltr'><strong>V</strong></span> <span class='ocrx_word' id='word_1_276' title='bbox 158 3372 196 3407; x_wconf 81' lang='lat' dir='ltr'>ur:</span> <span class='ocrx_word' id='word_1_277' title='bbox 215 3360 394 3424; x_wconf 83' lang='lat' dir='ltr'>uictoribusq.</span> <span class='ocrx_word' id='word_1_278' title='bbox 406 3361 429 3408; x_wconf 93' lang='lat' dir='ltr'>A</span> <span class='ocrx_word' id='word_1_279' title='bbox 443 3307 461 3425; x_wconf 64' lang='lat' dir='ltr'>l</span> <span class='ocrx_word' id='word_1_280' title='bbox 481 3362 513 3409; x_wconf 80' lang='lat'>22</span> <span class='ocrx_word' id='word_1_281' title='bbox 532 3374 589 3408; x_wconf 86' lang='lat' dir='ltr'>sac.</span> <span class='ocrx_word' id='word_1_282' title='bbox 608 3361 636 3406; x_wconf 74' lang='grc' dir='ltr'>Η</span> <span class='ocrx_word' id='word_1_283' title='bbox 655 3357 660 3420; x_wconf 88' lang='grc'>1</span> <span class='ocrx_word' id='word_1_284' title='bbox 679 3364 707 3408; x_wconf 86' lang='lat' dir='ltr'>et</span> <span class='ocrx_word' id='word_1_285' title='bbox 724 3375 771 3409; x_wconf 80' lang='lat' dir='ltr'>om.</span> <span class='ocrx_word' id='word_1_286' title='bbox 789 3359 809 3407; x_wconf 84' lang='lat' dir='ltr'>B</span> <span class='ocrx_word' id='word_1_287' title='bbox 822 3359 839 3405; x_wconf 96' lang='grc'><strong>0</strong></span> <span class='ocrx_word' id='word_1_288' title='bbox 856 3354 866 3421; x_wconf 87' lang='grc' dir='ltr'>ΙΙ</span> <span class='ocrx_word' id='word_1_289' title='bbox 883 3358 915 3407; x_wconf 79' lang='lat'>27</span> <span class='ocrx_word' id='word_1_290' title='bbox 933 3360 1029 3407; x_wconf 85' lang='lat' dir='ltr'>uestra</span> 
     </span>
     <span class='ocr_line' id='line_1_39' title="bbox 59 3424 1029 3492; baseline -0.003 -17"><span class='ocrx_word' id='word_1_291' title='bbox 59 3426 174 3477; x_wconf 82' lang='lat' dir='ltr'>fauente</span> <span class='ocrx_word' id='word_1_292' title='bbox 193 3427 231 3492; x_wconf 86' lang='grc'>01</span> <span class='ocrx_word' id='word_1_293' title='bbox 248 3428 396 3492; x_wconf 82' lang='lat' dir='ltr'>contigerit</span> <span class='ocrx_word' id='word_1_294' title='bbox 413 3442 451 3476; x_wconf 82' lang='lat' dir='ltr'>w:</span> <span class='ocrx_word' id='word_1_295' title='bbox 471 3428 591 3477; x_wconf 85' lang='lat' dir='ltr'>conterit</span> <span class='ocrx_word' id='word_1_296' title='bbox 607 3427 635 3475; x_wconf 75' lang='lat' dir='ltr'>n</span> <span class='ocrx_word' id='word_1_297' title='bbox 651 3424 661 3492; x_wconf 72' lang='lat' dir='ltr'>fl</span> <span class='ocrx_word' id='word_1_298' title='bbox 677 3430 710 3478; x_wconf 87' lang='lat'>33</span> <span class='ocrx_word' id='word_1_299' title='bbox 729 3425 874 3491; x_wconf 87' lang='lat' dir='ltr'>triumphis</span> <span class='ocrx_word' id='word_1_300' title='bbox 893 3424 994 3476; x_wconf 87' lang='lat' dir='ltr'>celebr.</span> <span class='ocrx_word' id='word_1_301' title='bbox 1011 3426 1029 3472; x_wconf 92' lang='grc'><strong>0</strong></span> 
     </span>
    </p>
   </div>
   <div class='ocr_carea' id='block_1_4' title="bbox 0 0 1218 4012">
    <p class='ocr_par' dir='ltr' id='par_1_4' title="bbox 0 0 1218 4012">
     <span class='ocr_line' id='line_1_40' title="bbox 0 0 1218 4012; baseline 0 0"><span class='ocrx_word' id='word_1_302' title='bbox 0 0 1218 4012; x_wconf 95' lang='lat' dir='ltr'> </span> 
     </span>
    </p>
   </div>
  </div>
 </body>
</html>
