2406 4012
181 227 242 291 142
505 228 537 280 ν.
566 226 716 279 lucram
734 224 815 276 aar.

179 377 305 442 Palatio
331 376 475 441 residens
497 375 631 460 gerendi
659 374 727 438 eius
748 373 936 439 mandasset
959 375 1147 461 auspicium,
1200 378 1202 431 ζ

179 463 280 527 ueluti
297 461 414 546 longae
435 461 529 524 nauis
550 458 775 543 gubernaculis
798 458 1034 542 praesidentem
1048 461 1147 527 totins
1200 474 1202 482 '

179 546 402 611 uelificationis
425 547 458 608 et
479 564 589 608 cursus
603 543 739 628 gloriam
761 543 915 609 meruisse
927 546 1068 609 testatus
1089 548 1145 611 est

180 635 214 695 at
238 631 322 695 enim
345 633 397 711 tn,
421 628 538 692 Caesar
559 627 694 711 inuicte,
720 627 825 692 omnis
845 627 940 693 istius
961 632 995 693 et
1015 629 1147 715 nauiga-

153 715 279 778 ⁵tionis
302 718 334 777 et
348 712 425 777 belli
447 734 513 776 non
527 711 623 777 modo
644 733 703 795 pro
717 712 844 796 imperii
865 713 934 776 iure
948 719 1146 797 praeceptor,
1197 720 1202 725 '

180 798 236 862 sed
257 798 352 861 rebus
373 798 385 861 i
409 796 452 860 sis
475 801 507 861 et
529 797 675 880 exemplo
699 797 899 861 constantiae
912 800 988 861 tuae
1002 797 1148 863 hortator

179 891 276 965 atquc
297 882 364 966 imp
400 902 452 947 sor
470 880 571 946 fuisti.
599 881 689 964 prior
709 880 866 963 siquidem
888 903 909 945 a
923 880 1147 947 Gesoriacensi

179 966 273 1031 litore
309 968 455 1050 quamuis
487 964 645 1030 feruidnm
681 965 828 1030 inuectus
860 984 1017 1031 oceanum
1051 968 1147 1031 stiam

94 1122 97 1127 ,
179 1051 227 1116 illi
255 1051 406 1116 exercitui
431 1054 505 1132 tuo,
540 1071 634 1131 quem
660 1048 809 1132 Sequana
836 1051 940 1114 amnis
969 1051 1148 1133 inuenerat,

141 1159 166 1199 ιο
179 1135 422 1200 irreuocabilem
460 1135 599 1199 iniecisti
635 1134 753 1198 mentis
791 1134 954 1215 ardorem,
996 1135 1078 1199 adeo
1113 1140 1149 1199 nt

180 1220 405 1284 cunctantibus
428 1218 533 1282 adhuc
555 1217 704 1300 ducibus,
727 1218 814 1282 caelo
837 1222 870 1283 et
890 1218 974 1283 mari
994 1218 1148 1301 turbidis,

179 1303 263 1367 ultro
286 1304 415 1386 signum
437 1302 655 1387 nauigationis
678 1306 879 1386 exposceret,
910 1303 1069 1387 quaedam
1091 1303 1148 1367 mi·

178 1388 271 1451 nasia
302 1386 522 1451 indubitanter
555 1387 649 1472 signa
682 1389 915 1471 contemneret,
953 1387 1004 1451 die
1036 1389 1146 1472 pluuia

179 1471 252 1536 uela
268 1472 397 1555 faceret,
421 1475 566 1555 uentum,
588 1471 664 1555 quia
679 1471 823 1536 derectus
845 1492 913 1535 non
935 1474 1015 1554 erat,
1040 1476 1147 1557 capta·

141 1578 165 1619 rs
179 1559 229 1620 ret
248 1556 313 1621 obli
335 1577 422 1620 uum.
488 1557 537 1620 uis
564 1556 651 1621 enim
679 1577 713 1620 ss
735 1554 912 1639 quamlibet
933 1555 1044 1640 iniquo
1066 1556 1148 1621 mari

179 1663 246 1706 uon
269 1578 399 1706 auderet
420 1578 547 1705 credere
568 1643 601 1704 te
623 1640 824 1723 nauigante?
864 1640 1021 1724 omnium,
1044 1643 1082 1706 ut
1102 1641 1148 1706 di·

180 1727 273 1809 citur,
302 1729 435 1810 accepto
462 1726 577 1789 nuntio
604 1724 822 1809 nauigationis
844 1727 920 1789 tuac
941 1746 1007 1789 una
1029 1746 1095 1790 uox
1116 1728 1149 1789 et

178 1810 319 1874 hortatio
341 1810 420 1875 fuit:
443 1810 531 1893 ‘quid
547 1808 752 1874 dubitamus?
773 1808 850 1893 quid
870 1809 1057 1875 moramur?
1078 1811 1148 1894 ipsa

177 1894 242 1956 iam
271 1894 382 1976 soluit,
411 1893 699 1990 iamprouehitur,
728 1893 794 1957 iam
821 1893 960 1957 fortasse
987 1895 1147 1977 peruenit.

139 1998 165 2039 ιο
180 1977 381 2073 experiamur
407 1997 530 2060 omnia,
558 1998 616 2060 per
643 1998 857 2062 quoscumque
881 1978 996 2043 fluctus
1025 2000 1146 2044 eamus.

178 2061 254 2144 quid
273 2064 322 2124 est
340 2062 424 2143 qnod
439 2061 552 2125 timere
567 2062 747 2144 possimus?
771 2061 940 2128 (laeseram
961 2063 1146 2146 sequimur!

241 2143 312 2210 XV.
362 2144 431 2210 Nee
458 2145 575 2211 fefellit
601 2146 710 2230 opinio
737 2149 865 2211 uestrae
891 2147 1077 2230 felicitatis,
1107 2148 1148 2213 si·

178 2230 314 2313 quidem,
338 2233 375 2294 ut
396 2252 435 2294 ex
456 2231 598 2315 ipsorum
620 2231 775 2295 relatione
798 2232 1021 2316 comperimus,
1050 2231 1092 2297 ad
1113 2232 1150 2297 id

177 2318 305 2399 tempus
326 2315 432 2400 ipsum
445 2318 555 2380 tantae
577 2336 611 2380 se
626 2314 720 2379 dorso
735 2316 834 2379 maris
856 2316 993 2380 nebulae
1013 2318 1148 2381 miscue-

138 2420 164 2460 ιι
177 2406 254 2465 runt
286 2403 322 2465 ut
355 2401 486 2466 inimica
520 2401 630 2466 classis
663 2401 741 2484 aput
771 2398 907 2465 Uectem
938 2400 1080 2466 insulam
1112 2402 1148 2465 in

178 2484 315 2568 speculis
338 2488 434 2570 atque
455 2485 581 2550 insidiis
603 2484 757 2549 collocata
771 2483 995 2569 ignorantibus
1014 2484 1148 2551 omnino

177 2568 322 2633 hostibus
348 2570 576 2653 praeteriretur
606 2590 666 2633 nec
693 2568 745 2634 uel
771 2573 951 2633 moraretur
977 2569 1022 2633 im
1047 2574 1147 2652 etum,

177 2652 322 2795 anamais
344 2673 410 2716 non
431 2655 540 2735 posset
562 2652 727 2717 obsistere.
767 2653 833 2717 iam
853 2674 930 2718 uero
953 2675 995 2738 qu
1061 2654 1147 2719 idem

177 2733 231 2797 ile
253 2736 360 2797 uestro
382 2735 523 2817 auspicio
550 2734 689 2799 inuictus
717 2738 887 2817 exercitus,
916 2739 1026 2802 statim
1050 2742 1147 2823 atque

177 2816 365 2881 Britanniae
391 2818 468 2883 litus
499 2819 676 2903 inuaserat,
714 2822 873 2886 uniuersis
906 2822 1047 2888 nauibus
1080 2824 1147 2888 suis

245 3077 259 3127 7
277 3074 353 3140 prior
369 3091 415 3125 orn.
428 3076 446 3124 0
461 3071 466 3139 Ι
481 3091 498 3125 a
516 3074 708 3127 Gesorisccnsi
724 3078 870 3129 hiaineiua:
889 3094 906 3128 a
923 3078 1148 3142 gesorigiacensi

175 3141 250 3195 Bere.
272 3144 363 3207 magis
381 3143 549 3207 origiaccnsi
567 3144 595 3190 1
618 3146 679 3208 agis
700 3145 867 3209 origiacensi
885 3159 910 3195 w
938 3144 949 3211 fl
979 3147 996 3196 9
1017 3160 1099 3210 quem
1117 3146 1148 3196 in

176 3208 332 3276 Sequanam
350 3207 394 3273 w!
411 3209 537 3276 Sequana
556 3212 644 3262 amnis
661 3212 792 3275 Hauptius
810 3213 899 3267 Herm.
917 3213 935 3263 1
939 3214 968 3263 V
977 3230 1007 3277 p.
1020 3216 1086 3264 151.ι
1104 3228 1147 3265 sc·

176 3292 293 3341 quanam
310 3278 366 3329 nisi
377 3280 405 3326 1
415 3277 490 3329 Bert.
503 3276 514 3343 ΙΙ
532 3280 563 3329 12
583 3279 760 3345 exposceret
776 3277 786 3345 ΙΙ
804 3282 835 3330 13
853 3280 1046 3331 indubitanter
1062 3281 1146 3346 signa

174 3347 282 3409 scripsi:
305 3345 453 3396 uidebatur
478 3347 559 3412 signa
580 3348 610 3394 Ι
630 3344 725 3411 (signa
748 3347 895 3400 uidebatur
915 3346 946 3409 0)
968 3348 1051 3414 signa
1073 3362 1146 3413 quac

175 3411 342 3463 uidebantur
354 3415 412 3464 cdd.
427 3412 432 3475 Ι
449 3418 642 3479 contempnere
652 3416 686 3463 W
697 3412 708 3479 ΙΙ
722 3415 753 3465 14
762 3414 868 3466 derect.
878 3414 913 3465 s:
922 3415 1020 3467 direct.
1031 3416 1147 3466 ΜΠ

176 3476 189 3541 [l
210 3481 241 3529 17
260 3481 357 3530 nuntio
375 3478 479 3546 cml}
493 3484 524 3532 18
541 3480 729 3549 incritdllffl
746 3482 775 3534 id
793 3485 898 3535 addidi:
916 3480 1073 3549 01111127
1091 3498 1146 3535 nea

173 3546 222 3596 usl
240 3545 463 3611 Eyssenhardlus:
481 3565 516 3601 nc
534 3549 580 3600 uel
597 3552 642 3598 1·
