2406 4012
272 241 523 294 CONSTANTINO
541 241 712 295 AUGUSTO
731 243 764 296 D.
788 246 895 297 15-17.
1007 245 1068 310 173

97 397 147 478 te,
175 392 401 475 Constantine,
431 392 578 458 omnibus
599 392 782 459 hominibus
805 398 853 458 est
875 395 960 460 facta
983 417 1069 462 com-

97 477 217 562 munis,
239 498 299 542 nec
322 477 427 542 solum
448 472 499 541 his
522 499 600 561 quos
621 478 704 543 ratio
726 477 901 544 litterariae
923 481 1009 546 uitae
1031 501 1069 547 ac

100 563 190 648 quies
213 562 389 647 mitigauit,
411 561 467 626 sed
490 562 586 626 etiam
602 562 657 628 ille
679 563 866 629 militarium
889 564 983 631 ardor
1002 565 1069 630 ani·

96 669 227 712 morum
249 649 396 730 respectu
413 647 462 710 tui
483 646 572 711 lucra
594 647 796 732 contempsit.
829 649 951 715 fuerint
969 650 1070 734 aliqui

98 733 261 797 exercitus
285 731 449 796 alacritate
472 751 509 795 ae
531 731 652 796 uiribus
673 733 738 797 tuis
760 734 896 799 similes:
932 733 991 800 tibi
1012 735 1095 800 unis

100 817 242 900 contigit
274 816 393 880 habere
426 817 601 881 exercitum
635 817 823 900 sapientem.
868 819 963 883 multi
992 819 1070 884 olim

97 902 196 986 vpraui
218 901 328 980 duces,
353 903 491 966 certasse
513 900 610 964 armis
632 901 787 986 impares,
811 903 982 988 largitione
1006 925 1070 968 cer-

97 989 228 1051 tarunt:
250 985 307 1050 sed
327 985 433 1050 breuis
456 1007 563 1050 eorum
586 984 650 1050 suit
672 988 704 1050 et
726 985 845 1051 caduca
863 987 1070 1071 popularitas,

97 1092 182 1155 quos
204 1070 299 1135 facile
320 1070 400 1135 uicit
421 1070 565 1154 quisquis
587 1070 764 1135 aemulatus
787 1075 845 1136 est.
874 1071 928 1136 hic
949 1071 1069 1156 firmus,

98 1156 156 1220 hic
178 1158 326 1219 aeternus
349 1157 398 1218 est
418 1154 626 1238 reipublicae
649 1159 755 1220 custos
778 1178 871 1240 quem
886 1157 991 1240 ipsum
1013 1178 1108 1240 perro

99 1261 136 1306 se
158 1239 276 1303 milites
299 1242 409 1303 amant
442 1239 493 1303 cui
512 1261 579 1304 non
594 1239 758 1304 eblandita
779 1262 839 1306 nec
853 1241 986 1306 uendite
1007 1263 1071 1306 ser·
1177 1283 1178 1287 =

100 1324 151 1389 uit
173 1323 328 1404 adulatio,
361 1288 418 1388 sed
445 1323 580 1407 simplex
608 1327 640 1389 et
662 1324 785 1390 sincera
807 1326 943 1396 deuotio.
988 1327 1072 1391 dona
1195 1336 1199 1345 ’

98 1413 170 1493 tua,
196 1407 418 1489 Constantine,
441 1409 612 1474 manifeste
627 1412 703 1473 sunt
716 1414 811 1495 grata
827 1410 992 1495 militibus,
1015 1410 1072 1475 scd

98 1495 164 1558 hoc
191 1493 335 1578 gratiora
363 1493 446 1576 quod
468 1496 523 1557 tua
550 1497 634 1559 sunt.
679 1515 894 1578 quaecumque
921 1495 1071 1580 porrigis,

100 1600 203 1644 manu
216 1580 272 1642 tua
293 1578 377 1642 fiunt
398 1578 587 1661 acceptiora.
616 1598 710 1661 quam
731 1599 826 1643 nemo
842 1583 949 1643 tecum
964 1581 1072 1662 potest
1085 1600 1110 1642 15

99 1664 165 1729 hac
193 1663 366 1727 ambitione
393 1662 603 1728 contendere!
647 1662 864 1746 insuperabile
892 1683 995 1747 genus
1024 1666 1072 1728 est

101 1747 297 1832 largitionis,
323 1769 394 1812 cum
416 1747 485 1830 ipse
500 1746 595 1810 militi
618 1747 793 1829 praemium
816 1750 866 1812 est
886 1747 1069 1830 imperator.

102 1834 213 1916 itaque
230 1832 344 1896 tribuis
362 1836 399 1896 tu
415 1831 543 1915 quidem
566 1831 758 1897 exercitibus
772 1833 836 1896 tuis
860 1831 956 1896 ctiam
978 1833 1072 1916 plura

103 1939 202 2001 quam
230 1917 376 2001 cupiunt,
405 1915 460 1980 sed
481 1920 571 1981 tuum
600 1919 632 1981 te
660 1918 763 2003 magis
790 1939 924 2002 nomen,
953 1921 1010 1983 tua
1032 1918 1071 1983 de

101 2001 259 2067 memoria
285 2002 387 2085 patris
415 2001 605 2086 auctoritas,
638 2004 694 2066 tua
722 2003 838 2069 aetatis
864 2003 985 2089 gratia,
1015 2007 1072 2068 tua
1086 2025 1111 2065 ao

102 2087 180 2151 deni
202 2107 242 2150 ue
263 2086 326 2150 ista
347 2086 538 2150 uenerabilis
560 2087 663 2151 forma
686 2088 898 2154 commendat.

201 2169 273 2234 VII.
310 2170 461 2235 Pulcrum
484 2171 580 2256 enim,
603 2171 635 2235 di
657 2171 744 2255 boni,
768 2177 800 2237 et
821 2174 958 2237 caeleste
979 2172 1073 2236 mira-

102 2255 213 2322 culum
240 2255 414 2339 imperator
442 2255 643 2338 adulescens,
673 2256 707 2319 in
730 2278 792 2340 quo
815 2256 872 2320 illa
900 2276 981 2339 quae
1009 2255 1073 2319 iam

103 2362 231 2406 summa
260 2345 308 2404 est
335 2339 490 2404 fortitudo
519 2339 624 2404 adhuc
650 2342 759 2403 tamen
788 2340 915 2423 crescit,
948 2339 983 2402 in
1011 2360 1073 2422 quo

104 2425 160 2490 bie
192 2425 301 2508 fulgor
334 2426 515 2506 oculorum,
553 2423 632 2489 haec
667 2422 851 2488 ueneranda
884 2423 1006 2507 pariter
1042 2428 1113 2489 etas

104 2514 206 2659 itti
220 2507 1075 2678 trittaastitistitltttttttlti

622 2643 630 2677 l

180 2839 192 2884 1
217 2835 320 2896 omnib3
338 2833 474 2889 hominibs
491 2837 601 2899 scripsi:
625 2836 698 2885 omui
715 2835 819 2886 homiui
835 2836 868 2883 W
891 2836 1009 2886 omnium
1028 2835 1076 2886 ho-

108 2903 212 2953 minum
229 2904 252 2952 A
269 2903 290 2951 B
308 2903 325 2951 0
343 2902 365 2951 V
386 2899 396 2966 ΙΙ
417 2902 433 2950 2
451 2901 495 2952 his
513 2905 544 2951 σε
562 2902 617 2953 hiis
635 2905 662 2950 Μ
679 2903 720 2953 hii
736 2917 761 2952 w
778 2902 807 2953 hi
824 2904 883 2953 edd.
899 2902 903 2968 Ι
918 2903 1075 2955 litterariae

107 2983 149 3019 w:
166 2971 276 3022 litterae
293 2972 320 3017 Al
335 2966 339 3031 l
355 2971 431 3021 uitae
449 2985 481 3019 ac
498 2972 607 3034 scripsi:
625 2970 702 3021 uitae
714 2971 742 3019 11
758 2967 768 3035 ΙΙ
789 2973 805 3021 3
823 2972 957 3036 quiesque
975 2984 1000 3019 w
1018 2971 1076 3020 edd.

114 3035 128 3103 ll
149 3039 167 3087 4
185 3038 296 3088 fuerunt
314 3039 347 3086 W
368 3036 378 3102 ΙΙ
400 3037 489 3088 ttuis
508 3052 535 3102 ςε
554 3038 595 3087 tui
612 3039 639 3084 Μ
657 3041 704 3087 tuo
723 3038 782 3088 edd·
801 3033 811 3102 l
832 3039 847 3087 6
865 3037 967 3088 habere
986 3052 1076 3088 exerc.

109 3106 133 3154 A
150 3105 195 3156 W:
215 3121 307 3157 exerc.
327 3105 428 3156 habere
444 3105 465 3154 B
483 3107 500 3155 (l
518 3105 540 3152 V
563 3103 567 3170 Ι
593 3102 669 3170 olim]
691 3106 763 3154 enim
781 3106 804 3154 A
827 3101 838 3168 ΙΙ
862 3107 876 3155 7
895 3104 976 3169 praui
994 3103 1076 3156 duces

110 3178 232 3224 certasse
250 3175 359 3240 scripsi:
380 3172 500 3224 fortasse
519 3174 599 3238 praui
616 3172 699 3223 duces
716 3172 743 3220 u
755 3169 793 3238 119
811 3173 966 3222 aemulatus
983 3173 1079 3237 scripsi

110 3243 126 3291 l.
145 3243 161 3291 l.
178 3258 205 3306 p.
225 3244 294 3293 220.-
312 3241 437 3291 imitatus
455 3242 482 3287 Μ
511 3238 521 3306 l
553 3244 583 3292 11
603 3241 648 3290 cui
665 3255 716 3290 uec
734 3240 767 3289 W
787 3237 792 3302 Ι
812 3239 952 3291 eblandita
968 3239 1077 3302 scripsi:

109 3308 238 3360 blandita
256 3309 283 3358 1
304 3306 314 3374 l
339 3311 371 3360 13
389 3307 517 3358 militium
536 3309 558 3358 A
579 3308 589 3374 11
612 3310 643 3358 14
662 3305 723 3373 boc]
745 3308 794 3358 hec
812 3307 834 3356 A
853 3308 873 3355 V
897 3305 907 3372 l
932 3306 963 3356 15
981 3321 1063 3371 quam

109 3377 241 3441 quonism
258 3378 291 3425 W
315 3375 320 3442 Ι
344 3381 436 3442 potest
455 3381 546 3427 tecum
566 3379 597 3438 0,
617 3378 668 3427 nisi
683 3378 753 3442 quod
769 3380 825 3441 pot.
844 3374 896 3425 bac
916 3379 1006 3426 tecum
1023 3388 1041 3424 u

112 3445 144 3494 18
162 3449 193 3495 tu
210 3444 319 3510 quidem
338 3444 392 3494 tuis
412 3460 454 3494 ex.
471 3443 562 3497 Besa:
583 3450 614 3494 tu
632 3445 687 3495 tuis
706 3442 813 3509 quidem
832 3459 875 3494 cx.
892 3443 913 3492 B
932 3443 989 3493 Η
1013 3440 1022 3508 l
1046 3444 1079 3494 20

109 3515 176 3562 tuae
195 3513 298 3564 aetatis
316 3510 401 3574 Bert,
421 3514 479 3563 edri.
509 3510 519 3578 [l
549 3515 581 3564 26
604 3511 769 3579 perstringit
786 3510 819 3559 W
848 3507 858 3576 ΙΙ
887 3513 920 3562 27
943 3513 1078 3563 Macetum

109 3581 207 3643 scripsi
223 3582 239 3630 i.
256 3581 273 3630 l.
291 3597 317 3645 p.
336 3582 403 3630 220.-
421 3595 549 3647 magnum
567 3583 595 3628 11
