2406 4012
285 58 539 113 coassumpto
556 59 729 113 AUGUSTO
748 63 782 112 D.
799 63 891 116 8-1o
1012 62 1072 127 167

99 211 177 277 bilis
204 209 377 274 multitudo
403 209 487 273 lacte
515 209 654 274 distenta
685 211 717 274 et
746 213 861 275 onusta
888 211 1071 297 uelleribus,

97 299 190 362 certe
212 294 356 378 quidem,
386 297 581 377 quopropter
602 295 649 359 ibi
669 294 737 358 uita
758 293 922 379 diligitur,
951 295 1007 360 lon
1034 297 1072 361 's-

99 382 203 446 simae
230 379 297 443 dies
325 381 358 442 et
378 377 487 442 nullae
515 378 584 442 sine
613 379 720 462 aliqua
741 379 812 444 luce
840 382 966 460 noctes,
1017 403 1072 446 um

97 465 158 531 illa
186 463 318 528 litorum
345 464 488 528 extrema
515 463 667 546 planities
698 484 766 528 non
794 464 914 528 attollit
942 465 1071 530 umbras

98 549 272 633 noctisque
298 551 419 612 metam
447 545 527 612 caeli
554 550 587 612 et
609 547 748 611 siderum
773 549 891 613 transit
913 552 1098 633 aspectus,a

97 638 137 699 ut
158 634 210 698 sol
232 634 300 717 ipse
328 633 382 715 qui
409 631 504 696 nobis
530 632 656 696 uidetur
684 633 826 697 occidere
848 633 894 697 ibi
917 639 1072 718 appareat

98 717 285 803 praeterire.
329 716 362 780 di
383 717 477 799 boni,
508 715 667 800 quidhoc
695 719 743 780 est
765 716 849 800 quod
878 740 1003 802 semper
1032 741 1071 784 ex

98 803 210 886 aliquo
234 822 382 885 supremo
403 801 467 865 fine
488 800 600 865 mundi
621 821 708 864 noua
730 800 823 864 deum
846 803 980 866 numina
1002 805 1070 868 uni-

96 906 196 953 uerso
219 886 290 950 orbi
310 884 441 950 colenda
461 884 682 950 descendunt?
706 885 752 949 sie
767 885 943 957 Mercurius
961 887 1070 951 aNilo

96 972 193 1037 cuius
224 971 365 1034 fluminis
398 970 489 1055 origo
523 970 680 1051 nescitur,
715 969 760 1033 sie
786 970 881 1035 Liber
913 971 953 1035 ab
981 971 1070 1036 Indis
1085 990 1110 1030 10

121 1076 202 1140 rope
226 1055 361 1119 consciis
384 1052 458 1118 solis
481 1055 614 1118 orientis
637 1053 713 1118 deos
736 1075 769 1118 se
791 1055 942 1139 gentibus
965 1059 1072 1120 osten-

97 1079 178 1205 dere
201 1142 396 1223 praesentes.
423 1139 600 1203 sacratiora
622 1141 698 1204 sunt
719 1139 863 1223 profecto
886 1140 1078 1211 mediterra,

97 1225 172 1289 neis
194 1225 264 1288 loca
284 1223 393 1288 uicina
417 1223 505 1287 caelo
528 1226 560 1286 et
581 1223 656 1288 inde
673 1225 804 1308 propius
827 1225 909 1288 adis
929 1226 1071 1290 mittitur

97 1309 276 1395 imperator
297 1307 353 1372 ubi
375 1310 463 1372 terra
484 1307 603 1371 finitur.

165 1392 206 1457 X.
251 1392 456 1476 Imperatoris
478 1393 579 1477 igitur
600 1393 684 1456 filius
708 1395 741 1456 et
761 1394 844 1457 tanti
867 1393 1068 1477 imperatoris
1083 1411 1108 1451 15

96 1488 134 1543 et
153 1477 223 1560 ipse
237 1479 304 1541 tam
322 1477 461 1541 feliciter
482 1478 616 1560 adeptus
636 1477 806 1559 imperium
822 1476 980 1560 quomodo
1002 1498 1071 1542 rem

97 1561 263 1647 publicam
284 1561 449 1626 uindicare
472 1560 628 1645 coepisti?
662 1560 855 1644 ignobilem,
878 1561 988 1643 oredo,
1013 1561 1071 1624 ali-

97 1668 199 1732 quam
222 1647 431 1711 barbarorum
460 1667 606 1726 manum,
640 1665 721 1728 quae
749 1644 918 1728 repentino
946 1647 1071 1728 impetu

98 1735 134 1797 et
156 1732 331 1815 improuiso
346 1731 514 1795 latrocinio
536 1734 625 1794 ortus
640 1730 688 1792 tui
710 1729 852 1813 auspicia
870 1732 1070 1813 temptasset,

98 1816 236 1881 affecisti
257 1837 363 1900 poena
381 1815 582 1879 temeritatis.
612 1835 704 1899 reges
726 1815 813 1898 ipsos
826 1814 992 1899 Franciae,
1015 1815 1070 1900 qui
1083 1833 1109 1872 2⁰

98 1922 159 1985 per
187 1900 368 1965 absentiam
397 1900 499 1984 patris
527 1900 576 1963 tui
607 1920 720 1983 pacem
752 1899 968 1983 uiolauerant,
983 1974 986 1981 ¹
1002 1921 1070 1964 non

99 1985 256 2050 dubitasti
288 1984 411 2048 ultimis
439 1986 553 2068 punire
587 1985 796 2063 cruciatibus,
832 1983 915 2048 nihil
946 1985 1069 2049 ueritus

99 2070 209 2155 gentis
231 2069 317 2133 illius
340 2068 413 2133 odia
434 2072 588 2153 perpetua
609 2072 643 2133 et
663 2070 873 2152 inexpiabiles
895 2069 969 2132 iras.
1013 2090 1070 2131 eur

97 2153 187 2219 enim
215 2154 314 2218 ullam
343 2157 469 2237 reputet
496 2155 600 2218 iustae
627 2155 808 2218 seueritatis
835 2154 988 2216 offensam
1010 2152 1069 2214 im-

99 2240 230 2324 perator
252 2239 307 2322 qui
328 2240 412 2321 quod
433 2238 512 2302 fecit
533 2237 615 2301 tueri
637 2235 770 2321 potest?
803 2239 874 2299 tute
896 2235 1068 2299 clementia
1081 2252 1107 2293 25

96 2325 151 2388 est
171 2344 252 2407 quae
266 2323 371 2406 parcit
392 2322 530 2386 inimicis
553 2324 586 2384 et
600 2320 661 2384 sibi
681 2321 785 2404 magis
800 2319 956 2402 prospicit
973 2341 1069 2402 quam

97 2402 1069 2574 11111111111111111111111111111

98 2580 153 2641 tus
175 2541 224 2640 ut,
233 2598 299 2640 non
323 2579 432 2640 ament
454 2579 486 2639 et
500 2575 677 2659 quiescant.
708 2574 831 2639 cautior
851 2573 927 2638 lieet
949 2573 991 2639 sit
1013 2575 1069 2659 qui

98 2660 268 2726 deuinctos
290 2661 390 2725 habet
410 2660 507 2725 uenia
529 2659 722 2743 perduelles,
750 2659 865 2724 fortior
886 2662 995 2724 tamen
1018 2663 1068 2724 est
1081 2676 1108 2717 eo

96 2746 155 2830 qui
170 2746 273 2810 calcat
287 2746 395 2809 iratos
419 2745 594 2827 renouasti,
617 2746 800 2828 imperator,
820 2748 961 2809 ueterem
978 2744 1067 2807 illam

168 2986 184 3032 2
204 2988 370 3050 quapropter
387 2986 482 3049 scripsi
498 2987 514 3034 l.
535 2987 550 3033 l.
566 3000 595 3047 p.
608 2985 674 3034 218:
692 2986 805 3047 propter
820 2984 848 3029 Η
866 2980 1068 3046 quodpropter

98 3054 143 3101 ael
158 3056 272 3117 propter
290 3051 361 3116 quod
382 3054 440 3102 edd.
476 3052 481 3116 Ι
510 3051 549 3101 ibi
566 3052 657 3101 addidi
672 3050 720 3100 ila:
739 3064 786 3098 om.
805 3049 832 3097 11
860 3045 866 3115 Ι
897 3049 982 3098 uitam
999 3060 1025 3096 w
1053 3045 1064 3113 ll

96 3115 196 3236 mnas]
216 3118 325 3170 illorum
342 3119 416 3173 Bert.
439 3117 449 3183 ΙΙ
471 3121 502 3168 12
522 3118 668 3169 secretiora
686 3114 728 3181 01
746 3116 955 3167 mediterraneis
967 3115 1067 3165 Rheno·

98 3202 161 3237 nur:
199 3188 220 3237 11
238 3186 303 3249 (diis
315 3186 350 3251 w)
364 3187 495 3237 terraneis
508 3184 557 3250 1111
571 3188 602 3236 13
621 3185 748 3250 proprius
759 3182 811 3232 AB
823 3181 833 3248 l}
848 3186 879 3234 15
897 3183 982 3247 igitur
995 3181 1068 3234 filius

96 3261 128 3305 et
146 3256 219 3305 tanti
237 3256 411 3320 imperatoris
428 3254 540 3306 iteratb
557 3251 567 3317 ΙΙ
586 3255 616 3303 17
635 3252 756 3316 aliquam
774 3265 812 3300 w:
832 3250 953 3315 aliquem
964 3251 991 3299 11
1008 3248 1017 3316 ΙΙ
1036 3253 1067 3302 18

98 3321 557 3454 ttltt¹ff¹tttttt¹¹tlit
568 3318 798 3453 ppplaenpppau
882 3321 899 3366 ⁰
921 3317 931 3384 l
953 3320 986 3370 ²⁵
1003 3324 1068 3370 tul
