2406 4012
196 189 259 254 233
522 189 556 242 x.
586 187 735 240 uaznrm
752 186 834 239 Pau.

197 338 1164 490 {llftttlbttttetfflffitllbtln'

199 531 279 594 quae
294 474 417 573 auriuni
431 446 485 571 uia
499 510 633 571 manant
647 529 742 590 quam
755 527 837 591 quae
847 444 955 571 {iulis
966 507 1177 573 haur-imma:

198 596 305 677 itaque
326 593 411 656 tanti
431 613 490 676 per
511 591 638 656 ltaliam
663 612 836 655 concursus
858 590 1033 657 hominum
1054 592 1160 659 excim

173 679 332 759 sbantur,
363 679 474 739 tantae
501 697 540 739 ex
562 676 688 760 oppidis
716 676 887 740 effusiones
910 678 948 740 ut
968 676 1068 741 facile
1094 680 1159 741 ante

199 762 264 825 acti
285 761 416 824 terroris
437 760 621 825 testificatio
643 761 678 824 in
698 761 861 846 praesenti
882 759 1084 825 exultatione
1103 758 1157 825 elu-

199 848 293 909 ceret.
362 845 408 908 ari
430 843 536 908 studio
563 846 694 909 missum
717 844 859 908 eiusdem
879 846 1018 943 tyranni
1039 845 1078 909 ad
1096 864 1155 943 per-

198 930 324 994 mulcen
348 952 400 993 am
423 929 568 992 Africam
590 932 702 1013 caput,
732 932 885 1012 utquam
912 950 1055 993 maxuma
1075 948 1153 993 urum

198 1015 357 1079 afflixerat
384 1014 541 1078 laceratus
569 1014 720 1097 expleret
764 1016 797 1077 et
817 1013 961 1077 noudum
990 1014 1068 1077 satis
1086 1016 1152 1077 tsn-

161 1120 186 1159 ιο
200 1101 325 1183 pestiuo
358 1099 439 1162 mari
470 1098 631 1160 affuerunt
656 1101 765 1161 tamen
798 1097 1033 1181 nauigantibus
1057 1096 1150 1161 felices

199 1205 293 1246 aurae
321 1186 354 1245 et
380 1183 496 1246 fluctus
528 1181 659 1245 secundi
687 1182 968 1279 beatissimamque
1000 1182 1169 1260 uictoriam

198 1268 269 1348 ipsa
292 1266 388 1329 etiam
411 1267 569 1329 elementa
590 1266 748 1330 iuuerunt.
783 1288 819 1330 ca
842 1268 887 1348 ut,
910 1288 946 1329 1n
968 1287 1034 1349 quo
1054 1262 1168 1340 titulus

198 1353 306 1413 tantae
328 1350 431 1413 laudis
455 1349 746 1432 circumferebatur,
772 1288 913 1414 retiilidit
934 1350 1071 1433 Tiberis,
1089 1366 1146 1433 pro·

199 1434 300 1498 secuti
322 1437 397 1497 sunt
418 1434 524 1517 uenti,
551 1435 653 1498 maria
681 1437 857 1499 seruarunt.
904 1455 1047 1518 quonam
1070 1430 1146 1499 moa

160 1536 185 1577 rs
198 1521 246 1602 te,
275 1521 390 1601 potens
413 1519 538 1601 Africa,
572 1523 693 1601 quanto
721 1519 862 1582 laetitiae
889 1518 1039 1602 fremitu,
1069 1536 1173 1602 quan·

198 1603 352 1668 insolenti
373 1604 539 1686 uoluptate
560 1603 702 1667 lactasti!
732 1604 780 1666 nil
801 1603 919 1686 quippe
942 1607 994 1667 est
1014 1600 1146 1667 immede
1169 1626 1172 1631 ·

199 1690 298 1753 ratius
320 1710 413 1772 quam
436 1692 509 1771 post
522 1688 655 1771 longam
677 1687 842 1752 tristitiam
864 1708 976 1752 reeens
1000 1686 1146 1773 gaudium:

198 1774 399 1920 titillat
420 1772 825 1940 fftltlffitlttll
840 1770 1148 1935 hiltunltffi'l

160 1957 185 1996 ao
200 1961 271 2002 cum
293 1939 347 2001 diu
370 1878 694 2023 intersaeptaepsuna
719 1940 805 2004 exitu
827 1940 902 2003 dato
924 1960 989 2024 quo
1011 1939 1150 2025 largiores

199 2042 235 2085 eo
252 2022 420 2085 crassiores
443 2044 539 2104 aquas
555 2028 716 2106 caumont,
740 2024 786 2087 sic
801 2027 877 2087 uota
890 2023 1061 2089 hominurn
1079 2024 1152 2087 meu
1174 2050 1179 2057 ·

198 2106 391 2170 interclausa
417 2106 536 2170 turbidi
569 2108 689 2192 aliquid
716 2111 864 2193 egerunt,
899 2128 973 2172 cum
1004 2108 1152 2173 cumulate

197 2194 362 2255 ruerunt.

235 2213 412 2340 pXXXHI.
461 2275 551 2339 Haec
580 2277 787 2341 uictoriarum
816 2275 1065 2360 gratulationes.
1105 2292 1153 2341 nec

159 2378 184 2418 as
198 2361 302 2424 minus
331 2362 443 2425 uberes
470 2360 595 2424 fructus
622 2360 815 2444 reliquarum
841 2360 1000 2425 uirtutum
1025 2360 1153 2426 fuerunt.

196 2445 384 2528 inplicatam
405 2445 532 2529 quidem
555 2448 649 2529 atque
672 2446 809 2508 obsitam
831 2445 944 2508 urbem
964 2443 1155 2530 grauissimis
1193 2450 1196 2457 '

196 2529 289 2593 malis
305 2530 493 2594 euoluerunt
507 2529 667 2593 indefessa
682 2530 730 2592 uis
746 2532 842 2613 atque
859 2529 977 2593 eximia
991 2529 1155 2595 fortitudo:
1192 2552 1201 2597 ·.

197 2613 255 2699 seul
275 2616 429 2695 quantum
451 2614 527 2676 boni
549 2614 719 2696 prudentia
741 2613 952 2698 excogitauit,
981 2614 1156 2701 benigniias
1191 2648 1201 2669 .=

197 2698 230 2756 et
253 2696 424 2758 clementia
447 2697 665 2762 contulerunt!
697 2719 830 2782 quorum
854 2696 929 2781 quid
952 2700 1060 2796 magis
1081 2700 1156 2763 iuue-
1195 2700 1201 2723 “’

158 2777 240 2838 sarit
262 2777 401 2840 difficilis
429 2779 623 2842 existimatio
647 2786 702 2845 est.
746 2804 822 2846 nam
850 2787 882 2846 et
904 2782 1091 2848 calamrtate
1110 2781 1156 2845 ub
1198 2838 1201 2859 ς

265 3037 278 3084 1
299 3031 404 3102 tamen]
424 3041 480 3085 turn
500 3038 517 3085 G
542 3034 551 3102 ss
580 3037 595 3084 6
617 3037 809 3087 testificationi
826 3051 915 3101 praes.
935 3038 970 3085 W
985 3036 991 3099 Ι
1006 3038 1114 3091 luceret
1127 3036 1157 3093 Ι,

196 3118 264 3153 corr.
283 3104 414 3153 Acidaliae
443 3102 452 3168 ΙΙ
482 3101 608 3170 suiuus]
629 3106 735 3155 unusc
765 3102 775 3169 ss
807 3107 838 3154 10
856 3102 958 3169 tamen]
979 3108 1076 3155 tamo
1098 3102 1108 3171 fl
1131 3102 1158 3153 lt

195 3170 338 3220 uoluntate
360 3172 399 3232 Μ,
429 3188 498 3223 corr.
522 3173 651 3222 Acidaliae
680 3169 691 3236 l
723 3173 752 3221 17
776 3185 871 3222 recens
893 3174 1055 3224 Armenius
1075 3180 1158 3236 aaut:

196 3253 296 3302 repens
314 3239 340 3285 u
369 3236 379 3301 ΙΙ
416 3241 446 3288 19
470 3242 678 3303 statimpurum
694 3241 818 3302 plossema
835 3240 929 3290 seclusi
955 3236 967 3304 ΙΙ
1001 3242 1036 3291 20
1058 3254 1116 3291 oum
1131 3240 1157 3287 nt

195 3304 272 3353 dinc
288 3304 292 3369 Ι
309 3305 354 3354 diu
373 3321 419 3354 om.
429 3306 463 3352 W
477 3305 482 3367 Ι
497 3307 652 3371 intersepta
668 3307 720 3355 AB
730 3307 760 3354 0:
779 3308 932 3370 intercepte
945 3307 980 3354 W
997 3308 1157 3371 interecepto

195 3371 218 3417 V
237 3368 247 3435 11
271 3375 303 3421 22
322 3371 473 3421 interclusa
491 3374 511 3421 B
528 3375 561 3423 W
576 3373 580 3438 Ι
596 3373 703 3423 turbide
720 3374 760 3437 Ι,
780 3390 847 3424 carr.
868 3374 1003 3426 Liuineius
1023 3374 1034 3441 ΙΙ
1056 3378 1089 3427 23
1105 3388 1157 3425 cru·

195 3444 294 3499 petunt
314 3441 426 3502 Lanatus
442 3436 452 3503 ΙΙ
469 3442 502 3489 24
519 3440 572 3490 hec
590 3442 625 3489 A:
643 3440 678 3490 he
696 3448 755 3493 eeu.
773 3439 783 3506 ΙΙ
806 3443 839 3491 26
856 3440 953 3494 urbem
972 3443 1093 3494 obsitam
1108 3438 1148 3491 li

196 3505 229 3553 30
247 3506 405 3556 aestimatio
424 3508 482 3559 edd.
499 3505 504 3572 Ι
520 3508 627 3558 obsessi
644 3509 672 3555 Η
