2406 4012
384 206 599 260 1111111101).
624 210 733 260 ee-ro.
999 209 1040 273 (55

59 359 383 426 «1111111101111111111
404 357 592 422 consuluisti
613 379 653 421 ne
675 357 770 421 ullius
787 358 940 442 gaudium
962 360 1040 424 alte-

68 446 139 509 rius
160 442 293 508 tristitia
312 442 465 508 turbaret.
496 441 551 505 alii
574 462 645 506 eum
659 442 790 526 laetitia,
814 443 870 505 alii
893 464 966 508 curn
985 466 1040 528 spe

70 530 289 594 recesserunt:
316 526 426 590 multis
448 526 685 611 gratulandum,
709 548 803 591 nemo
827 527 1040 592 consolandus

70 614 145 678 fuit.
174 634 236 677 nee
257 611 329 676 ideo
351 611 481 696 segnius
502 611 634 674 iuuenes
651 614 777 675 nostros
800 611 984 676 exhortatus
1007 635 1040 677 es

69 700 223 763 senatum
246 696 467 778 circumirent,
493 695 617 759 senatui
639 696 858 779 supplicarent
879 700 974 780 atque
995 698 1066 761 itas

70 804 91 846 a
112 781 219 866 princi
243 802 262 844 e
283 783 451 864 sperarent
471 780 624 862 honores,
647 780 673 843 si
696 801 715 843 a
737 784 850 844 senatu
871 782 1038 864 petissent.

71 887 138 951 quo
159 804 287 949 qualem
309 865 345 928 in
366 866 458 948 loco,
480 866 507 929 si
529 864 643 948 quibus
666 885 744 948 opus
767 867 926 949 exemplo,
956 867 1040 930 adie-

72 950 148 1015 cisti
169 954 207 1014 ut
227 953 260 1014 te
281 949 493 1013 imitarentur.
539 948 686 1031 arduum,
711 947 837 1031 Caesar,
861 950 1041 1033 exemplum

73 1039 107 1098 et
129 1034 213 1117 quod
234 1035 356 1097 imitari
382 1054 448 1097 non
476 1033 579 1118 magis
602 1033 769 1117 quisquam
799 1033 1041 1097 candidatorum

71 1140 171 1203 quam
192 1118 373 1215 principum
394 1118 506 1201 possit.
551 1119 621 1201 quis
644 1118 729 1181 enim
757 1118 810 1181 uel
831 1139 895 1181 uno
918 1118 969 1182 die
990 1139 1080 1183 re·1o

71 1204 237 1267 uerentror
272 1205 402 1266 senatus
440 1202 627 1266 candidatus
662 1224 756 1286 quam
782 1207 818 1266 tu
852 1224 923 1266 eum
953 1205 1040 1268 omni

72 1288 144 1351 uita
165 1290 235 1350 tum
257 1286 313 1350 illo
335 1287 405 1369 ipso
427 1289 571 1369 tempore
599 1308 660 1370 quo
683 1287 804 1351 iudicas
830 1288 869 1352 de
892 1289 1040 1352 candida-

72 1370 142 1435 tis?
170 1392 211 1434 an
232 1369 320 1434 aliud
341 1391 361 1434 a
382 1374 530 1454 tequam
552 1374 682 1435 senatus
704 1373 885 1436 reuerentia
900 1373 1040 1437 obtinuit

72 1460 112 1518 ut
139 1454 308 1519 iuuenibus
336 1455 512 1519 clarissime
539 1457 657 1539 genitis
679 1454 827 1520 -debitum
853 1459 964 1541 generi
986 1457 1040 1521 ho-

72 1560 201 1621 norem,
235 1543 268 1602 et
300 1542 470 1622 antequam
496 1540 678 1622 deberetur,
713 1541 866 1604 offerres?
911 1540 1039 1604 tandem
1055 1560 1080 1599 15

73 1644 153 1707 ergo
173 1623 325 1687 nobilitas
344 1644 411 1687 non
429 1623 627 1707 obscuratur,
649 1623 705 1687 sed
720 1623 900 1688 illustratur
922 1626 1041 1707 aprin-

72 1708 162 1791 cipe:
188 1709 318 1771 tandem
340 1708 411 1772 illos
434 1709 615 1792 ingentium
637 1708 778 1771 uirorum
800 1711 946 1792 nepotes,
968 1709 1040 1772 illos

10 1800 13 1809 '
70 1794 219 1877 posteros
239 1791 399 1856 libertatis
420 1813 481 1857 nee
502 1796 603 1856 terret
617 1791 733 1858 Caesar
754 1814 813 1857 nec
828 1796 940 1878 pauet,
963 1794 1040 1877 quin

71 1880 174 1940 immo
193 1876 357 1941 festinatis
379 1875 552 1941 honoribus
575 1877 750 1961 amplificat
772 1880 866 1962 atque
889 1883 988 1962 auget
1010 1882 1042 1942 et

72 1960 247 2025 maioribus
274 1962 339 2025 suis
364 1960 479 2025 reddit.
524 1962 647 2046 siquid
671 1984 804 2046 usquam
826 1962 937 2046 stirpis
959 1965 1038 2026 anti·
1054 1984 1079 2023 ao

67 2044 493 2194 1111111111111
506 2046 1042 2215 {tererestereres

71 2234 153 2277 nore
190 2213 357 2278 hominum
396 2218 428 2278 et
460 2215 496 2279 in
528 2237 583 2280 ore
615 2216 723 2279 famae
759 2238 877 2299 magna
909 2217 1041 2278 nomina

73 2319 116 2362 ex
142 2298 284 2362 tenebris
312 2298 482 2363 obliuionis
509 2300 712 2383 indulgentia
735 2299 879 2364 Caesaris
908 2304 1037 2376 asserta,

67 2382 166 2446 cuius
187 2382 267 2447 haee
287 2386 340 2449 uis
360 2387 397 2448 ut
417 2384 541 2448 nobiles
565 2387 597 2447 et
620 2387 788 2447 conseruet
809 2385 841 2446 et
862 2382 991 2445 efficiat.
1054 2401 1079 2440 25

138 2464 238 2531 LXX.
287 2467 476 2533 Praefuerat
501 2467 685 2551 prouinciae
713 2469 863 2550 quaestor
890 2487 974 2530 unus
1003 2487 1041 2530 ex

74 2551 253 2616 candidatis
289 2552 385 2635 inque
418 2574 456 2617 ea
489 2551 630 2616 ciuitatis
668 2550 883 2635 amplissimae
920 2550 1041 2616 reditus

73 2636 207 2720 egregia
238 2637 466 2701 constitutione
498 2637 697 2701 fundauerat.
747 2635 808 2700 hoc
840 2637 969 2700 senatui
997 2637 1041 2700 al·

73 2719 250 2815 legandum
268 2722 399 2803 putasti.
431 2742 485 2786 cur
507 2722 592 2786 enim
614 2725 646 2785 te
662 2721 816 2805 principe,
840 2722 893 2805 qui
913 2723 1041 2806 generis

71 2807 124 2866 tur
146 2804 323 2869 claritatem
351 2806 470 2870 uirtute
497 2806 671 2890 superasti,
700 2805 839 2869 deterior
861 2809 946 2871 esset
968 2828 1040 2871 con·
1054 2826 1079 2864 ³⁰

142 3061 160 3109 3
176 3059 360 3111 consolandus
377 3075 409 3126 ςι
433 3061 614 3112 consulendus
631 3062 658 3109 r
678 3060 688 3126 ΙΙ
709 3063 725 3111 b
743 3066 842 3112 senatu
859 3064 876 3110 c
899 3061 903 3122 Ι
928 3062 1040 3109 eircum-

70 3125 128 3174 iret
144 3126 181 3189 1,
199 3142 268 3180 corr.
288 3143 305 3193 ς
320 3126 331 3193 ΙΙ
348 3131 364 3179 9
381 3131 469 3193 magis
486 3145 542 3180 non
560 3129 674 3194 quisque
692 3128 769 3182 eand,
788 3127 872 3194 111111
891 3128 999 3178 senatui
1016 3140 1041 3176 w

73 3188 89 3256 ΙΙ
112 3194 144 3244 la
161 3208 197 3243 aa
214 3193 290 3245 alind
309 3212 326 3246 a
344 3200 371 3246 te
389 3211 448 3247 sen.
466 3212 522 3246 reu.
542 3198 600 3248 obt.
619 3211 701 3259 quam
719 3202 750 3245 ut
767 3209 792 3245 w
810 3194 819 3261 ΙΙ
842 3197 874 3246 14
892 3194 1041 3245 clarissime

71 3260 178 3324 genitis
196 3263 342 3314 Liuineius:
362 3261 531 3315 clarissimae
549 3266 641 3328 gentis
659 3265 687 3310 1
707 3261 717 3328 ΙΙ
739 3265 771 3313 15
788 3269 815 3313 et
833 3279 893 3328 epo:
911 3261 958 3311 sed
976 3263 1003 3308 11
1026 3260 1038 3327 Η

70 3328 109 3377 28
126 3342 173 3378 ore
191 3327 295 3380 Licin:
312 3330 415 3381 honore
431 3333 458 3380 Ι
474 3330 478 3396 Ι
493 3327 606 3396 magna]
625 3331 713 3394 magis
730 3329 853 3396 11111124
870 3334 975 3380 asserta
994 3333 1040 3381 ed-

69 3395 145 3445 didi:
163 3412 210 3446 om.
228 3398 255 3445 Ι
273 3403 396 3448 extracta
411 3399 516 3462 Lipsius
533 3400 655 3449 excitata
672 3413 705 3447 ex
723 3399 846 3448 tenebris
863 3398 964 3448 Keilius
980 3396 990 3462 l
1007 3401 1040 3449 25

72 3460 119 3513 uis
136 3464 199 3513 add.
218 3464 334 3515 Keiliue:
356 3469 449 3516 1111111
472 3464 482 3530 ΙΙ
505 3468 539 3516 27
560 3467 644 3531 inque
661 3481 692 3515 ea
711 3466 835 3516 ciuitatis
858 3465 1041 3531 amplissimae

71 3530 194 3593 Lipsius:
212 3533 242 3582 in
261 3547 340 3598 quem
356 3548 389 3584 ea
409 3534 508 3584 ciuitas
526 3534 694 3598 amplissima
711 3535 739 3580 1
757 3533 762 3598 Ι
782 3533 905 3584 redditus
923 3535 950 3581 11

122 3622 209 3663 Pura.
222 3633 277 3663 nar.
816 3620 836 3668 t
