2406 4012
131 206 193 271 256
473 209 519 258 xi.
548 208 757 259 nisiinarrm

132 359 215 422 hanc
244 359 355 421 urbem
377 357 539 420 frumenta
565 356 739 421 uenissent.
783 378 844 421 nos
871 378 986 422 uocem
1010 357 1088 421 illam

131 444 200 507 noti
224 443 339 506 amoris
361 442 397 504 in
411 443 548 525 patriam
567 442 769 525 putabamus,
792 463 864 505 cum
885 442 1088 526 proditionem

132 528 231 591 futuri
262 527 432 590 uerborum
467 525 602 610 ambago
636 526 769 589 celaret:
815 527 880 590 iam
913 530 983 589 tum
1016 527 1089 591 enim
1127 540 1130 547 '

132 615 285 676 uenturae
307 609 471 673 felicitatis
500 613 648 673 euentum
678 609 825 674 conscius
848 610 954 674 diuini
977 612 1088 675 animus

108 720 120 759 s
133 695 349 778 praeuidehat.

195 777 266 843 XV.
318 777 371 843 (lis
393 779 545 862 pauculos
568 778 634 841 dies
662 779 697 841 in
722 800 843 841 nouum
872 801 911 843 ac
933 779 1091 843 florentem
1134 821 1139 843 ,

132 865 253 928 statum
274 885 308 926 re
329 863 457 946 publica
479 863 637 941 restituta,
661 884 751 926 sacra
772 885 863 926 mens
887 864 929 927 ad
943 864 1092 929 honorum
1134 864 1139 873 '

132 948 262 1032 fastigia
284 950 316 1011 et
330 948 577 1032 magistratuum
597 950 786 1011 ornamenta
800 949 952 1031 respexit.
982 947 1093 1012 uersari

134 1034 239 1116 coepit
260 1032 295 1096 in
318 1034 400 1095 sacri
421 1032 559 1114 pectoris
582 1032 711 1094 comitio
733 1033 928 1096 consulatue.
957 1033 1034 1116 quid
1053 1052 1093 1095 se

88 1141 120 1178 no
134 1120 226 1181 cutus
247 1119 289 1180 sit
304 1117 372 1200 ipse
394 1116 455 1179 scit
470 1122 502 1179 et
517 1137 598 1199 quae
614 1119 730 1179 cuncta
746 1116 880 1180 consilia
901 1118 970 1181 eius
984 1116 1095 1202 gaudet

133 1201 271 1264 formare
293 1200 454 1265 diuinitas.
485 1201 523 1264 de
547 1200 693 1264 omnibus
715 1200 852 1264 Romani
875 1201 1005 1285 imperii
1026 1201 1095 1265 uiris

133 1285 254 1367 primus
283 1284 400 1348 electus
428 1307 513 1365 sum,
551 1306 623 1348 cum
650 1284 806 1348 honorem
839 1307 948 1348 meum
979 1286 1095 1350 adoreis

128 1367 324 1431 militaribus
347 1368 503 1451 gloriosus
527 1369 649 1452 collega
671 1370 856 1433 cumularet.
886 1370 1011 1454 gratias
1032 1369 1096 1453 tibi,

134 1452 265 1536 gratias,
289 1451 473 1535 imperator,
499 1453 526 1516 si
547 1454 663 1517 mereri
685 1475 735 1517 me
752 1454 925 1536 credidisti,
948 1458 984 1518 et
997 1455 1097 1538 plures

96 1557 121 1596 is
174 1536 265 1619 atlas,
290 1537 474 1620 imperator,
499 1539 668 1602 sitantum
685 1538 798 1601 amasti
821 1541 857 1601 ut
871 1560 924 1602 me
939 1539 1098 1603 consulem

133 1559 255 1685 itineres
281 1622 379 1685 etiam
406 1643 473 1685 non
494 1626 681 1686 merentem.
726 1644 786 1686 nec
807 1623 922 1706 ignoro
944 1624 1098 1688 maximos

133 1707 269 1770 honores
298 1707 338 1769 ad
360 1728 474 1789 parum
502 1706 616 1791 dignos
645 1707 779 1789 penuria
806 1707 976 1771 meliorum
1004 1708 1099 1772 solere

134 1790 260 1872 deferri,
286 1791 422 1854 sednon
443 1812 557 1855 uereor
579 1792 711 1874 nequis
733 1790 956 1856 maliuolorum
979 1794 1016 1856 in
1030 1814 1100 1856 con·

134 1873 240 1936 sulatu
261 1896 331 1938 meo
354 1875 387 1937 id
409 1877 552 1939 autumet
574 1875 734 1939 accidisse.
764 1875 789 1938 si
814 1875 884 1958 quis
905 1875 966 1940 hoc
987 1877 1099 1940 liuidus

96 1957 269 2036 eraclitae,
286 1958 356 2040 ipso
367 1963 511 2041 tempore
525 1959 697 2044 refutatur3
715 1959 867 2023 aduersus
878 1981 975 2043 quem
987 1962 1100 2025 dixisse

134 2040 211 2103 satis
240 2044 304 2104 est:
342 2043 406 2104 iam
434 2048 503 2105 tum
530 2044 669 2126 principi
696 2046 805 2107 nostro
829 2043 934 2108 Roma
955 2046 1099 2129 parebat.

134 2125 231 2209 quid?
255 2125 338 2208 quod
360 2125 442 2188 nihil
461 2127 605 2209 speranti
627 2128 706 2191 mihi
722 2128 760 2191 de
775 2127 905 2192 honoris
929 2132 1100 2214 augmento

136 2216 251 2293 (neque
274 2211 360 2274 enim
381 2210 466 2274 ultra
481 2212 716 2293 praefecturam
739 2234 772 2276 se
789 2216 937 2276 uotorum
961 2236 1100 2279 meorum

134 2295 290 2359 modestia
305 2296 503 2380 porrigebat)
526 2297 688 2380 perfertur
709 2297 841 2360 nuntius
865 2299 1031 2362 consulem
1052 2319 1099 2362 me

97 2398 122 2438 25
136 2385 277 2444 creatum
303 2382 373 2445 sine
395 2381 572 2464 impendio,
602 2381 772 2464 quodiam
796 2381 850 2445 diu
872 2383 1001 2466 paucis3
1034 2384 1099 2447 sine

135 2463 252 2548 labore,
275 2465 360 2548 quod
382 2488 568 2550 numquam3
596 2467 664 2529 sine
686 2466 850 2548 petitione,
874 2466 958 2548 quod
981 2466 1100 2531 nemini

134 2551 244 2613 micuit.

197 2631 286 2695 XVI.
340 2633 417 2706 ouis
435 2630 574 2715 'ignorat
599 2637 668 2696 tum
695 2655 834 2718 quoque,
865 2656 936 2698 cum
964 2636 1099 2699 honores

134 2714 244 2795 populi
261 2714 399 2777 Romani
421 2717 581 2798 suffragiis
602 2718 847 2800 mandabantur,
870 2719 989 2783 multos
1004 2720 1099 2783 fuisse

95 2816 121 2854 ao
136 2796 375 2860 candidatorum
399 2799 546 2861 labores?
591 2802 760 2866 ediscenda
787 2803 929 2867 omnium
957 2805 1098 2884 nomina,

133 2879 279 2943 tributim
293 2881 438 2946 homines
453 2887 548 2966 atque
566 2885 796 2971 etiam-singuli
812 2888 985 2970 salutandi,
1009 2910 1098 2973 pren·

181 3073 336 3080 -----—-—-..

201 3191 217 3238 4
240 3196 369 3240 euentum
387 3192 409 3239 Δ
427 3191 515 3241 Bere:
539 3208 585 3242 om.
607 3192 627 3239 B
646 3194 663 3240 (l
681 3194 703 3239 V
721 3193 752 3240 W
782 3191 791 3257 ΙΙ
821 3195 836 3242 8
859 3193 976 3258 fastigia
995 3196 1031 3244 A:
1054 3212 1099 3245 om.

133 3257 263 3305 BGVW
284 3254 294 3322 ΙΙ
322 3260 351 3307 10
369 3273 437 3322 quae
456 3264 555 3309 cuncta
572 3261 678 3323 scripsi:
698 3275 886 3326 quaecumque
903 3263 931 3309 Π
955 3258 965 3325 ΙΙ
992 3266 1023 3313 15
1042 3278 1101 3328 grn-

134 3326 237 3374 tiamc
267 3323 277 3389 ΙΙ
307 3327 340 3375 18
359 3326 505 3376 consulatu
524 3342 581 3376 meo
599 3327 619 3374 B
637 3329 654 3374 c
674 3328 695 3374 V
712 3341 736 3375 w
754 3326 844 3378 Bere:
865 3330 1102 3381 consuleti1eoh

136 3387 148 3455 Η
178 3395 209 3442 19
227 3392 340 3442 liuidius
358 3394 378 3441 B
396 3395 413 3440 0
431 3394 453 3439 V
471 3394 503 3441 W
526 3392 535 3459 ΙΙ
560 3397 590 3443 21
610 3392 679 3457 tum]
699 3399 788 3444 tamen
807 3397 865 3446 edd.
894 3398 980 3447 nescio
999 3415 1033 3447 an
1052 3415 1102 3448 me·

134 3460 182 3505 Iius
211 3456 221 3521 ΙΙ
250 3462 282 3508 22
301 3461 476 3525 spectantiB
499 3463 680 3525 separetimc
710 3459 720 3526 ΙΙ
750 3466 783 3513 ‘24
801 3464 937 3528 prefertur
954 3465 974 3512 B
994 3466 1012 3512 0
1030 3467 1052 3514 V
1071 3466 1102 3514 W

136 3522 149 3589 ΙΙ
169 3526 201 3573 27
219 3527 312 3576 euenit
330 3530 432 3578 addidi:
451 3543 497 3580 om.
516 3531 543 3576 Η
566 3527 576 3593 ΙΙ
600 3532 630 3580 31
651 3530 780 3580 tributum
798 3533 820 3579 Α
838 3532 858 3579 Β
877 3533 894 3578 0
910 3530 914 3596 l
930 3547 1026 3583 omnes
1044 3547 1069 3581 w
