2406 4012
230 79 303 131 Pao
322 78 597 132 RBSTAURANDIS
616 80 753 133 acorna.
775 83 866 133 7-10.
964 79 1024 144 123

53 228 308 294 uictissimorum
322 227 504 311 principum
527 228 722 294 constituta?
745 230 800 313 qui
823 252 894 294 eum
916 251 950 295 se
973 251 1025 294 oo-

53 334 154 379 cursu
175 312 276 377 laetae
297 313 474 377 iuuentutis
497 313 585 377 affici
610 334 679 378 non
707 314 808 377 solum
830 314 1024 379 liberalitate

53 396 447 547 ltttltllllub
470 397 1024 547 {tltlttlltlttlbtlt

54 567 131 653 plus
147 566 275 649 capient
289 565 474 649 uoluptatis,
493 587 565 630 cum
580 569 761 712 reparatum
775 505 1051 651 uideairtqipsuma

52 649 307 716 conciliabulum
328 649 532 714 iuuentutis?
554 649 592 713 ad
638 671 686 732 oo,
710 652 760 714 uir
780 652 1023 735 perfectissime,

54 756 138 819 opus
153 733 238 798 istud
253 733 358 798 reddit
371 734 527 798 illustrius
547 738 580 798 et
596 756 667 797 cum
681 737 824 817 ipsorum
839 736 1021 819 Caesarum,

54 824 128 885 tum
159 818 257 883 etiam
290 818 432 882 omnium
465 818 632 882 hominum
665 820 806 902 aspectui
833 821 1022 903 promptius,

54 903 143 987 quod
170 902 344 986 praecipuo
372 905 421 967 est
447 903 518 967 loeo
545 903 685 985 positum.
712 903 801 984 quasi
828 904 914 967 inter
935 904 1023 987 ipsos

54 987 168 1052 oculos
193 987 348 1070 ciuitatis,
379 987 464 1050 inter
485 986 646 1070 Apollinis
668 987 824 1070 templum
847 990 942 1071 atque
965 986 1024 1053 Ca·
1038 1008 1062 1046 ιο

54 1071 219 1157 pitolium.
269 1091 331 1155 quo
358 1070 461 1155 magis
495 1073 544 1134 est
570 1071 667 1135 etiam
701 1075 905 1137 sacrosancta
933 1072 1024 1136 sedes

54 1156 223 1239 utriusque
244 1155 355 1219 lateris
383 1154 566 1220 ueneranda
594 1155 733 1220 confinio
760 1157 924 1240 utriusque
946 1156 1023 1222 late-

54 1240 135 1304 ralis
162 1239 304 1304 numinis
330 1239 539 1304 instauranda
565 1245 727 1324 respectu,
756 1263 798 1305 ne
825 1242 903 1305 fana
927 1241 1024 1327 longe

54 1324 202 1389 omnium
228 1324 262 1387 in
289 1324 350 1388 hac
378 1325 455 1388 urbe
483 1324 697 1408 pulcherrima
725 1325 812 1390 labes
839 1326 944 1390 media
972 1327 1023 1391 de-

54 1408 188 1490 formet,
214 1409 402 1492 praesertim
430 1429 502 1473 cum
523 1409 603 1474 mihi
630 1409 778 1473 uideatur
799 1410 867 1492 ipse
889 1409 944 1472 ille
969 1410 1022 1493 qui
1037 1426 1062 1467 15

56 1492 233 1556 Maeniana
259 1492 339 1557 haec
359 1493 482 1575 primus
510 1493 652 1557 extruxit
677 1492 796 1556 idcireo
820 1514 857 1556 ea
878 1492 945 1554 illic
966 1514 1023 1576 po-

55 1576 216 1641 tissimum
254 1577 426 1642 collocasse
462 1580 498 1641 ut
530 1576 630 1640 ueluti
670 1579 809 1659 cognato
845 1576 1024 1639 uicinorum

55 1661 121 1725 sibi
134 1661 303 1726 numinum
323 1664 509 1725 tenerentur
525 1661 682 1744 amplexu,
706 1681 778 1724 cum
798 1659 1024 1745 augustissima

55 1749 143 1810 tecta
163 1745 281 1810 litteris
304 1745 450 1810 dedicata
471 1745 547 1809 inde
563 1744 763 1808 Athenarum
786 1743 945 1809 conditrix
962 1744 1023 1808 Mi·

56 1851 158 1894 nerua
181 1830 391 1914 conspiceret,
413 1830 490 1894 hinc
512 1829 631 1914 Apollo
653 1829 775 1893 medius
799 1828 1020 1894 Camenarum.
1036 1849 1061 1887 ao

122 1913 163 1979 X.
192 1914 296 1999 Igitur
316 1914 362 1978 ibi
384 1914 521 1979 maxime
544 1918 577 1978 et
592 1917 719 1998 oportet
741 1917 772 1978 et
794 1915 844 1978 fas
867 1917 915 1979 est
937 1937 1024 1978 exer-

58 2021 130 2065 cere
151 1999 328 2063 iuuentutis
350 1999 482 2082 ingenia
503 1998 558 2063 ubi
580 2001 648 2063 tam
666 2000 846 2083 propinqua
869 2003 945 2063 sunt
966 2022 1024 2063 nu·

56 2085 148 2148 mina
173 2085 275 2148 amica
302 2083 481 2166 doctrinae,
510 2083 565 2147 ubi
588 2105 626 2147 ex
648 2084 793 2167 proximo
821 2084 911 2146 iuuat
933 2105 1023 2147 mens

57 2169 170 2233 diuina
191 2168 382 2252 sapientiam
404 2170 436 2232 et
458 2168 634 2232 carminum
658 2169 734 2231 deus
757 2189 868 2231 uocem
891 2169 923 2229 et
936 2187 1023 2228 uere·

56 2253 207 2319 cundiam
236 2254 329 2336 uirgo
355 2256 509 2336 perpetua
540 2255 572 2316 et
598 2250 835 2335 prouidentiam
862 2249 1024 2332 praescius
1037 2264 1062 2305 2⁵
1122 2314 1125 2320 ,

56 2337 249 2402 futurorum.
292 2338 339 2401 ibi
365 2337 583 2401 adulescentes
615 2334 727 2418 optimi
754 2334 880 2396 discant
886 2381 896 2416 ,
931 2333 1023 2397 nobis

58 2423 150 2507 quasi
186 2422 339 2486 sollemne
376 2442 504 2487 carmen
539 2418 777 2504 praefantibuS,
813 2417 1024 2481 maximorum

57 2506 241 2591 principum
268 2506 354 2570 facta
381 2506 541 2571 celebrare
578 2505 661 2590 (quis
691 2503 777 2567 enim
803 2502 917 2566 melior
948 2523 1023 2567 usus

57 2594 109 2654 est
130 2591 180 2655 elo
202 2591 380 2678 uentiae‘l),
402 2591 473 2674 ubi,
496 2593 571 2654 ante
594 2611 664 2654 aras
687 2588 918 2672 quodammodo
940 2609 1024 2672 suas,

57 2674 167 2739 louios
216 2676 412 2760 erculiosque
434 2675 567 2739 audiunt
581 2674 758 2759 praedicari
772 2672 917 2757 luppiter
933 2676 1025 2756 pater
1038 2687 1062 2729 ³0

59 2762 92 2822 et
112 2759 260 2824 Minerua
285 2761 371 2825 socia
399 2763 431 2825 et
452 2759 533 2824 Iuno
555 2759 694 2842 placata.
739 2759 818 2821 satis
842 2780 891 2821 me
913 2757 1025 2821 uerbo·

58 2864 131 2907 rum
153 2844 267 2908 fecisse
289 2845 441 2928 arbitror,
469 2844 520 2907 uir
545 2842 790 2926 perfectissime,
819 2842 857 2905 de
880 2862 916 2905 eo
939 2841 1025 2923 quod

57 2926 140 2993 mihi
161 2928 202 2992 ad
222 2929 390 2994 dicendum
418 2927 508 3013 prius
531 2927 773 3009 constitueram,
803 2946 900 3008 quam
922 2924 965 2986 sit
987 2946 1025 2987 ex

59 3068 262 3076 .————

129 3136 161 3185 12
178 3133 304 3185 lateralis
322 3136 429 3199 scripsi:
446 3134 504 3185 late
519 3135 554 3194 m,
574 3134 623 3183 del.
637 3131 760 3181 Gruterus
777 3126 787 3194 ΙΙ
806 3132 837 3179 17
854 3133 885 3178 ut
902 3140 939 3176 w:
959 3127 1025 3176 elli

56 3201 67 3267 ΙΙ
86 3203 118 3252 18
136 3217 278 3253 numerum
295 3199 385 3267 3112ss
405 3202 486 3253 uobis
504 3203 527 3249 Δ
538 3198 549 3264 ΙΙ
567 3201 599 3249 28
617 3213 676 3263 sqq.
695 3197 844 3248 celebrare.
868 3195 929 3260 quis
948 3211 971 3244 e.
990 3211 1024 3245 m.

56 3285 85 3319 ιι.
104 3284 128 3320 e.
146 3268 188 3331 sl,
207 3285 288 3334 quam
305 3270 353 3319 ubi
372 3274 438 3320 ante
456 3284 521 3319 aras
539 3293 572 3302 -
589 3265 704 3331 placata
721 3265 807 3316 Iuno?
826 3264 895 3324 edd,
920 3266 1027 3313 correxi

56 3339 287 3401 interpunctionem
316 3334 327 3402 ΙΙ
355 3338 388 3388 29
406 3333 466 3404 ubi]
490 3351 572 3401 quam
588 3339 619 3383 ut
637 3346 662 3381 w
691 3330 701 3398 ΙΙ
731 3335 763 3384 30
787 3330 902 3381 audiunt
917 3333 1026 3396 scripsi:

58 3403 177 3455 audiant
194 3407 222 3453 Ι
245 3402 255 3470 l
280 3407 311 3455 32
331 3401 446 3469 fecisse]
467 3403 570 3455 dixisse
589 3415 614 3450 w
