2406 4012
430 210 652 266 PRAEFATIO.
975 215 1027 269 XV

55 369 97 428 25
122 367 153 423 ‘a
174 386 223 426 me
245 366 303 425 hoc
324 367 492 445 praecipue
514 365 572 424 hoc
594 367 665 445 piae
688 368 772 426 uocis
796 367 951 427 officium’.
998 378 1029 429 et

53 453 89 512 in
117 451 165 510 his
195 451 320 529 quidem
348 452 410 509 iam
431 466 461 510 w
489 451 592 529 priora
618 450 673 508 illa
700 451 864 511 ‘omnibus'
894 460 924 512 et
946 453 1028 512 ‘hoc'

54 535 292 599 rectedeleuit.
321 534 377 594 sed
400 533 512 593 talibus
527 535 602 594 locis
625 555 693 594 cum
716 536 896 615 corruptela
911 538 945 595 in
961 556 1030 615 pro-

54 621 164 701 patulo
189 629 282 692 esset,
311 621 373 680 iam
395 620 428 677 in
449 617 474 677 Β
496 617 518 678 0
539 617 567 678 V
589 620 739 678 alterutra
761 640 800 680 ex
822 619 949 680 uocibus
974 621 1030 681 dit-

54 704 218 784 tographis
246 704 339 764 tacite
368 703 480 763 omissa
509 716 569 774 est,
606 722 789 783 quamquam
816 725 880 764 nou
908 725 1031 785 semper

54 797 153 850 recta.
196 789 241 848 ita
262 809 293 867 p.
317 789 392 860 118,
418 788 456 844 12
479 785 504 845 Β
527 784 548 846 0
571 785 600 846 V
621 787 695 847 ‘scio
717 788 795 850 haec
818 790 959 868 iuquam,
983 791 1032 849 uir

14 924 17 929 .
54 872 161 955 perf),
185 881 217 931 at
231 871 259 931 A
272 870 313 932 W
329 869 383 948 (=
396 868 443 942 Π)
468 871 543 930 ‘scio
566 870 624 930 hec
645 873 772 951 inquam
792 873 850 932 hec
872 876 921 933 uir
935 875 1028 953 perf?

54 957 201 1029 tradunt,
229 957 314 1016 unde
338 956 552 1033 corrigendum
575 964 641 1014 erat
663 957 749 1030 ‘seio‚
772 958 907 1035 inquam,
930 959 1032 1017 haec’.

55 1062 150 1123 porro
174 1062 202 1120 p.
227 1043 297 1113 160,
325 1042 361 1098 11
385 1039 410 1099 B
429 1037 493 1099 GV
516 1039 660 1099 ‘subitam
682 1039 807 1099 dicendi
829 1041 1030 1116 facultatem',

57 1126 87 1187 A
111 1126 255 1185 ‘subitam
278 1124 403 1185 dicendi
424 1123 602 1184 facultatem
618 1124 756 1184 dicendi'
780 1125 905 1203 legunt3
930 1135 961 1186 et
974 1126 1033 1186 hoc

57 1210 186 1290 quidem
208 1211 240 1269 in
255 1209 290 1269 Μ
312 1209 450 1268 extitisse
472 1216 606 1268 testatur
619 1207 667 1282 W,
692 1211 725 1268 in
747 1229 807 1288 quo
829 1220 900 1290 post
923 1210 1030 1270 ‘facul-

58 1297 168 1354 tatem’
191 1313 298 1353 rasura
319 1301 440 1372 septem
460 1292 630 1352 litterarum
653 1304 712 1366 est,
744 1293 828 1354 unde
851 1297 954 1374 priore
976 1315 1031 1374 po·

58 1380 123 1439 tius
147 1377 296 1438 ‘dicendi'
320 1377 423 1438 deleto
453 1377 598 1436 ‘subitam
620 1377 679 1437 fac.
704 1377 840 1438 dicendi'
863 1378 1032 1439 rescribere

60 1463 166 1523 debui.
198 1461 256 1522 sed
277 1463 338 1521 iam
360 1463 394 1521 in
416 1463 483 1540 ipso
506 1459 661 1540 Aurispae
684 1463 853 1542 exemplari
874 1464 950 1523 talia
972 1482 1033 1522 me-

61 1548 166 1607 delam
187 1556 275 1606 erant
297 1565 405 1625 passa3
433 1547 517 1604 euius
539 1546 584 1606 rei
606 1546 882 1606 luculentissimum
904 1548 1033 1626 praebet

59 1630 236 1710 exemplum
261 1651 289 1709 p.
313 1632 388 1702 162,
414 1631 452 1688 15
480 1628 658 1708 ‘generauit
685 1630 786 1689 adhue
808 1639 873 1689 toto
902 1649 1034 1709 corpore

58 1717 197 1794 uigens'‚
235 1714 288 1774 ubi
314 1714 339 1774 Β
362 1712 383 1774 0
403 1712 432 1773 V
453 1712 493 1773 W
521 1715 596 1772 ‘toto
625 1712 727 1773 adhuc
755 1716 904 1792 corpore’,
947 1723 978 1774 at
1006 1714 1034 1774 A

61 1800 148 1860 ‘toto
175 1798 274 1858 adhuc
302 1808 366 1858 toto
396 1798 540 1876 corpore'
576 1797 707 1870 habent,
747 1817 838 1876 quam
872 1798 1033 1879 archetypi

61 1884 248 1960 scripturam
276 1903 340 1942 non
367 1892 450 1942 recte
478 1883 586 1961 utique
614 1883 780 1942 correxisse
801 1881 968 1963 Aurispam
996 1904 1035 1942 ex

63 1966 172 2027 codice
194 1967 398 2039 Bertiniensi‚
423 1965 463 2025 de
486 1987 546 2045 quo
569 1968 672 2026 statim
695 1967 868 2040 disseretur,
893 1978 1034 2047 apparet.

62 2051 149 2111 idem
168 2052 278 2111 uitium
298 2051 429 2110 fortasse
451 2071 480 2129 p.
500 2053 569 2123 156,
589 2053 627 2109 13
644 2064 675 2110 et
691 2053 761 2124 189,
780 2054 797 2110 7
821 2051 896 2111 alibi
919 2052 1034 2113 subest.

130 2135 199 2196 Seio
222 2135 289 2195 fore
311 2137 365 2214 qui
381 2137 530 2195 mirentur
551 2134 635 2214 quod
658 2156 721 2194 non
736 2135 851 2215 ubique
875 2137 1036 2216 archetypi

62 2220 97 2280 Al
120 2220 271 2278 lectiones
285 2219 314 2279 A
334 2221 465 2279 maxime
489 2228 519 2278 et
534 2218 573 2279 W
593 2218 680 2279 libris
704 2221 825 2280 innisus
849 2222 968 2280 omissis
992 2241 1036 2280 re·

63 2305 220 2383 liquorum
241 2303 266 2363 B
288 2302 309 2364 0
330 2302 359 2363 V
379 2305 564 2363 testimoniis
590 2305 783 2364 restituerim.
829 2304 884 2363 sed
907 2306 1037 2382 primum

64 2387 175 2448 necA
203 2389 349 2447 uitiorum
378 2387 496 2448 scribae
525 2389 616 2466 culpa
644 2390 870 2447 commissorum
895 2389 1036 2445 immunis

65 2493 127 2532 nec
148 2470 187 2531 W
213 2473 335 2550 integer
361 2482 417 2531 est.
469 2471 582 2531 deinde
610 2490 685 2530 uero
718 2491 782 2529 non
810 2479 931 2529 tautum
963 2471 1038 2529 mihi

67 2557 184 2634 sumpsi
213 2565 247 2615 ut
275 2556 414 2615 omnibus
442 2557 517 2615 locis
546 2555 622 2634 quid
650 2556 682 2612 in
710 2555 743 2614 hl
772 2556 864 2614 fuerit
891 2556 1038 2634 scriptum

67 2660 127 2719 pro
151 2649 232 2700 certo
254 2641 446 2714 affirmarem,
471 2661 537 2700 eum
553 2642 733 2719 praesertim
753 2641 828 2700 uiris
845 2640 942 2700 doctis
957 2642 1039 2701 hanc

66 2743 182 2784 nouam
212 2725 250 2784 de
280 2725 435 2784 codicibus
466 2724 706 2804 disputationem
735 2726 787 2784 uel
816 2725 1039 2804 comprobandi

67 2808 123 2869 uel
144 2808 310 2868 refellendi
325 2809 456 2869 facultas
479 2830 544 2868 non
568 2808 635 2868 dari
649 2812 784 2888 potuerit
806 2811 866 2868 nisi
886 2812 1039 2886 integram

66 2892 212 2952 lectionis
235 2895 416 2953 uarietatem
441 2892 626 2952 exhibendo.
662 2894 795 2972 denique
817 2894 876 2953 hoc
898 2894 1038 2954 conside·

66 2977 202 3037 randum
224 2987 299 3037 erat.
329 2998 397 3036 cum
420 2979 502 3037 enim
523 2977 598 3036 mihi
620 2997 675 3056 pro
698 2980 773 3037 meis
793 2977 911 3037 uiribus
927 2978 1039 3037 Italiae

67 3071 192 3122 tantum
215 3061 464 3140 Germaniaeque
488 3060 689 3122 bibliothecas
715 3064 901 3141 perscrutari
922 3064 1039 3133 liceret,

69 3165 87 3205 e
116 3166 150 3205 re
178 3148 278 3205 uisum
306 3155 352 3205 est
379 3155 412 3205 ut
441 3147 470 3205 ei
497 3148 550 3225 qui
578 3155 695 3206 ceteras
721 3147 879 3225 Europae,
908 3146 1040 3204 maxime

66 3229 259 3302 Parisinam‚
287 3229 489 3310 bibliothecas
512 3231 745 3310 peruestigandi
767 3250 878 3290 munus
900 3238 971 3308 post
992 3248 1040 3289 me

67 3316 219 3393 suscipiet
247 3323 392 3393 suppetat
419 3325 599 3394 apparatus,
630 3336 669 3375 ex
690 3336 750 3395 quo
779 3316 828 3374 cui
848 3314 1040 3394 potissimum

69 3399 163 3458 classi
191 3419 291 3459 nouus
313 3401 444 3478 quisque
466 3400 545 3459 liber
572 3402 612 3459 sit
634 3399 854 3461 adscribendus
879 3399 1042 3473 diiudicari

68 3483 179 3564 possit.
209 3484 320 3562 quodsi
343 3487 391 3543 cui
409 3485 572 3562 contigerit
586 3485 740 3564 Aurispae
763 3484 947 3563 exemplaris
970 3501 1041 3562 apo-
