2406 4012
256 207 484 260 CONSTANTIO
503 209 658 262 CAESARI
677 212 710 262 D.
730 213 839 263 16-18.
972 211 1033 276 145

58 358 178 444 uagari
199 360 233 422 et
254 356 391 444 flagrare
414 362 542 442 poterat
563 379 658 442 quam
679 358 744 423 late
767 360 870 423 omnis
893 381 1032 426 oceanus

60 448 94 509 et
116 442 344 519 mediterranei
367 443 457 508 sinus
479 443 613 506 alluunt.

125 526 249 592 XVIII.
303 527 416 613 Neque
448 527 548 611 enim,
582 528 610 592 si
637 531 725 592 metu
752 529 852 593 uestri
880 529 948 594 lues
977 529 1033 594 illa

57 612 141 677 solis
168 610 358 676 Britanniae
385 611 561 676 uisceribus
589 612 752 696 incubuit,
784 613 903 679 idcirco
930 615 1031 679 nesci-

59 718 133 761 mus
163 699 283 781 quanto
316 718 350 762 se
378 697 458 761 alias
486 696 594 761 furore
622 697 788 778 iactasset,
826 698 853 762 si
882 698 1086 764 fiduciams-

60 802 151 930 tta
186 779 1033 951 adaia:catarinensem

58 950 237 1034 dispositae
270 949 381 1014 limitis
415 949 577 1015 custodiae
603 952 784 1032 tuerentur,
821 952 876 1015 sed
904 952 1032 1036 ubique,

59 1033 157 1099 uanis
196 1035 274 1098 licet
316 1033 357 1098 ob
393 1035 547 1098 uirtutem
588 1033 838 1118 felicitatemque
879 1040 1031 1118 uestram,

59 1119 191 1203 magnis
222 1121 333 1183 tamen
368 1119 542 1183 terroribus
578 1118 783 1202 imminebat,
822 1141 886 1204 qua
919 1123 1070 1204 patentur

59 1203 166 1268 maria
193 1224 316 1288 quaque
351 1203 442 1269 uenti
468 1203 588 1268 ferunt.
632 1203 818 1269 recursabat
846 1204 964 1288 quipe
996 1206 1033 1270 in
1144 1214 1146 1218 ’

61 1288 188 1352 animos
219 1287 276 1352 illa
304 1288 363 1351 sub
392 1286 467 1352 diuo
493 1287 599 1352 Probo
625 1309 801 1373 paucorum
831 1310 870 1353 ex
943 1289 1032 1355 aneis

61 1371 263 1455 captiuorum
289 1372 487 1437 incredibilis
510 1373 642 1437 audacia
672 1376 705 1438 et
725 1373 862 1458 indigna
883 1374 1031 1455 felicitas,

59 1457 118 1541 qui
132 1479 152 1520 a
166 1459 267 1542 ponto
285 1478 384 1541 usque
400 1457 555 1541 correptis
570 1456 706 1522 nauibus
722 1457 891 1523 Graeciam
906 1460 1032 1522 Asiam-

59 1562 124 1626 que
171 1540 295 1639 opplati
321 1563 382 1606 nec
409 1542 540 1626 impune
561 1542 721 1639 plerisque
744 1541 863 1624 Libyae
885 1541 1032 1640 litoribus
1046 1560 1071 1601 15
1116 1608 1119 1613 ,

57 1646 190 1775 titt
211 1626 1032 1807 serenitatibus::truciter

59 1795 147 1859 uenti
168 1815 341 1878 oceanum,
365 1817 429 1880 qua
449 1798 552 1858 terras
573 1794 740 1878 irrumpit,
764 1798 964 1859 intrauerant
985 1799 1032 1860 at·

82 1899 123 1943 ue
156 1879 204 1944 ita
238 1885 356 1944 euentu
383 1879 577 1944 temeritatis
612 1879 821 1944 ostenderant
852 1879 935 1945 nihil
963 1901 1032 1946 esse

60 1984 206 2028 causum
227 1964 383 2048 piraticae
405 1964 636 2048 desperationi,
660 1985 722 2049 quo
744 1965 883 2049 nauigiis
905 1969 1032 2050 pateret
1045 1983 1070 2023 ιο

61 2068 217 2113 accessus.
261 2049 368 2133 itaque
392 2049 454 2113 hac
481 2049 617 2114 uictoria
638 2052 746 2114 uestra
772 2071 839 2115 non
861 2048 1031 2115 Britannia

61 2132 166 2197 solum
188 2133 343 2198 seruitute
366 2136 415 2198 est
428 2133 576 2217 liberata,
600 2133 656 2198 sed
678 2134 826 2199 omnibus
847 2135 1032 2198 nationibus

60 2217 217 2282 securitas
253 2218 403 2283 restituta
435 2240 515 2303 quae
546 2218 708 2283 maritimo
745 2218 810 2281 situ
836 2221 965 2281 tantum
997 2219 1032 2280 in

60 2301 147 2366 bello
172 2301 259 2366 adire
280 2302 415 2386 periculi
437 2306 589 2387 poterant
610 2305 765 2386 quantum
786 2302 821 2365 in
843 2323 923 2384 pace
946 2321 1031 2364 com-

59 2385 149 2450 modi
171 2390 418 2471 consequuntur.
463 2409 551 2452 nunc
579 2407 691 2451 secura
718 2388 782 2467 est,
810 2389 848 2448 ut
869 2386 907 2448 de
929 2384 1030 2450 latere
1044 2400 1072 2443 2⁵

62 2468 187 2536 Gallico
214 2474 353 2552 taceam,
403 2472 529 2536 uamuis
550 2491 653 2554 paene
683 2468 863 2553 conspicuis
883 2468 1031 2533 litoribus

60 2552 236 2639 Hispania,
271 2578 358 2621 nuno
382 2494 496 2640 Italia,
534 2575 622 2619 nunc
650 2553 777 2637 Africa,
810 2575 897 2617 nunc
927 2555 1031 2619 omnis

61 2660 163 2723 usque
195 2641 236 2705 ad
264 2640 420 2706 Maeotias
446 2640 579 2725 paludes
606 2639 770 2724 perpetuis
804 2639 889 2703 curis
915 2643 1033 2704 uacant

60 2726 187 2809 gentes.
210 2746 270 2789 nec
285 2725 405 2790 idcirco
420 2726 599 2790 minoribus
611 2725 736 2811 gaudiis
751 2724 899 2789 feruntur
910 2724 1032 2809 dempti

59 2808 196 2892 periculi
228 2810 339 2875 miseri
369 2810 455 2894 quod
482 2810 670 2895 experiundi
702 2810 894 2875 necessitate
922 2831 1030 2875 carue-
1043 2826 1070 2867 eo

130 3068 146 3116 3
164 3064 220 3116 luis
236 3069 259 3116 A
280 3066 290 3133 ΙΙ
312 3068 328 3117 4
345 3066 472 3118 incubuit
489 3067 598 3131 scripsi:
616 3066 782 3116 intabuit!
802 3064 813 3130 t
836 3068 852 3116 9
871 3064 905 3114 ob
923 3065 1032 3125 scripsi:

59 3131 142 3184 uobis
164 3134 192 3180 Ι
217 3136 338 3186 motibus
362 3133 435 3199 apud
454 3147 479 3183 w
513 3131 524 3199 n
560 3135 592 3184 10
614 3138 709 3198 patent
731 3135 826 3197 scripsi
847 3136 863 3183 1.
881 3136 897 3181 l.
920 3148 946 3196 p.
966 3132 1031 3179 218:

59 3199 155 3251 isceut
172 3201 199 3251 Ι
228 3199 239 3269 fl
269 3204 300 3252 11
320 3216 427 3268 quaque
444 3201 467 3251 A
485 3204 518 3251 W
536 3201 627 3252 Bere:
650 3216 704 3265 qus
721 3201 742 3249 B
761 3202 778 3250 (t
796 3201 819 3247 V
846 3197 856 3265 ΙΙ
888 3200 918 3250 18
936 3199 1032 3246 irrum-

59 3268 102 3331 pit
119 3270 139 3318 Β
158 3269 191 3316 W
214 3266 280 3336 (wi)
303 3284 334 3320 u:
364 3270 466 3334 irrupit
487 3283 514 3317 m
530 3283 545 3317 r
562 3269 585 3315 v
601 3267 676 3320 Bere.
698 3268 804 3331 inrupit
819 3269 842 3316 A
876 3264 886 3331 ss
920 3267 953 3315 23
976 3265 1033 3316 situ

59 3349 123 3402 eac:
145 3348 197 3386 usu
214 3338 241 3385 At
270 3335 281 3403 fl
310 3341 342 3388 27
362 3352 456 3388 omnes
473 3338 493 3386 Β
512 3336 620 3385 de
648 3333 659 3401 ss
687 3337 720 3387 28
739 3336 856 3386 meotiss
874 3347 911 3383 w:
932 3333 1032 3384 metius

60 3398 177 3465 (mactas
196 3404 283 3468 Bert.)
306 3406 334 3452 1
363 3402 373 3471 fl
405 3407 438 3456 29
460 3404 554 3455 ferunt
576 3405 599 3452 A
614 3404 671 3452 Bt
704 3403 709 3469 Ι
741 3402 847 3468 dempto
870 3403 929 3453 cdd.
958 3399 969 3467 ΙΙ
999 3403 1033 3454 30

59 3471 158 3587 miserni
175 3475 284 3537 scripsi:
302 3474 370 3523 meri
388 3474 415 3521 At
432 3476 507 3522 metu
525 3485 550 3519 w
568 3472 627 3522 edd.
649 3471 654 3536 Ι
679 3471 752 3535 quod
769 3473 792 3520 A
810 3470 831 3518 V
848 3471 895 3518 W:
915 3484 996 3536 quam
1014 3471 1032 3518 c

65 3552 119 3603 que

108 3629 198 3672 Puro.
212 3641 267 3672 ur.
848 3625 880 3675 10
