2406 4012
199 206 240 269 26
526 206 546 255 1,
583 203 613 253 o.
632 203 747 254 aaran
766 204 844 255 ern.

199 333 282 439 quod
303 359 390 419 terra
413 354 533 438 genuit,
557 352 641 435 quod
664 352 750 416 sidus
774 352 863 431 aluit,
887 350 971 436 quod
994 374 1106 418 annus
1123 357 1167 419 tu·

198 442 251 522 lit,
283 461 343 503 nec
365 440 458 503 nouis
480 436 708 500 indictionibus
729 437 831 520 pressi
853 435 894 500 ad
915 440 1028 501 uetera
1050 439 1181 505 tributa·

199 525 360 588 deficiunt.
399 522 477 585 emit
498 522 593 584 fiscus
615 520 767 604 quidquid
788 521 916 585 uidetur
938 543 1055 587 emere.
1097 522 1165 589 inde

201 609 321 692 copiae,
336 607 409 670 inde
422 626 552 669 annona
564 605 675 687 deque
695 606 781 670 inter
791 606 942 670 licentem
958 602 1165 673 uendentem·

174 712 260 776 sque
284 693 463 772 conueniat,
491 689 566 753 inde
588 688 641 753 hie
663 691 795 754 satietas
817 712 877 754 nec
899 690 1001 755 fames
1024 712 1164 777 usquam.

263 774 367 839 XXX.
411 776 579 858 Aegyptus
605 774 728 838 alendis
752 775 968 860 augendisque
990 777 1185 852 seminibus

199 861 246 924 ita
284 860 399 924 loriata
415 864 463 924 est
477 863 514 923 ut
528 858 610 923 nihil
625 858 779 923 imbribus
796 859 948 944 caeloque
964 860 1115 946 deberet3
1129 862 1165 925 si·

200 882 325 1029 quidem
340 944 470 1028 proprio
493 964 618 1027 semper
640 965 733 1006 amne
749 944 878 1027 perfusa
896 965 957 1008 nee
972 943 1035 1009 alio
1049 966 1164 1031 genere

200 1051 353 1113 aquarum
376 1031 471 1093 solita
492 1029 701 1112 pinguescere
727 1050 820 1112 quam
843 1050 920 1111 quas
942 1029 1014 1112 ipsa
1035 1029 1165 1095 deuexe-

153 1137 186 1175 ·1o
199 1118 251 1178 rat
275 1113 376 1178 tantis
404 1113 567 1198 segetibus
588 1112 782 1176 induebatur
808 1116 845 1177 ut
867 1133 939 1176 oum
960 1113 1184 1179 feracissimis·

199 1200 294 1261 terris
328 1198 419 1280 quasi
445 1218 619 1279 numquam
653 1217 781 1261 cessura
818 1201 963 1261 certaret.
1011 1198 1096 1263 haee
1121 1200 1164 1264 in·

200 1283 296 1365 opina
317 1283 460 1345 siccitate
482 1301 581 1365 usque
603 1281 638 1343 in
659 1282 806 1345 iniuriam
830 1282 1010 1346 sterilitatis
1034 1284 1163 1367 exaruit,

200 1368 275 1449 quia
296 1366 389 1450 'piger
410 1365 504 1429 Nilus
533 1368 721 1429 cunctanter
743 1367 834 1430 alueo
858 1387 926 1430 sese
952 1387 990 1429 ac
1013 1367 1070 1431 lan
1120 1368 1163 1433 'de

201 1451 367 1531 extulerat,
390 1449 578 1534 ingentibus
600 1450 654 1514 ille
675 1450 803 1534 quidem
824 1454 901 1514 tunc
924 1472 1049 1535 quoque
1090 1452 1164 1517 umi-

161 1556 187 1595 15
199 1536 308 1617 nibus,
345 1534 530 1598 fluminibus
565 1539 674 1632 tamen
711 1534 931 1632 conferendus.
981 1534 1060 1600 hine
1094 1542 1189 1621 pare'

198 1623 1165 1789 ttttttttltdtttttttttbtffittttt:

199 1791 323 1872 optauit
338 1788 524 1872 caelumque
542 1788 692 1870 respexit,
716 1809 787 1852 eum
802 1792 871 1871 ipse
886 1788 1100 1855 fecunditatis
1113 1812 1164 1875 pa

199 1894 273 1936 rens
298 1874 493 1937 contractior
515 1875 547 1933 et
563 1873 677 1935 exilior
697 1873 797 1935 isdem
821 1873 999 1937 ubertatem
1023 1874 1094 1938 eius
1113 1896 1164 1939 an-

160 1978 186 2017 so
199 1957 314 2040 gustiis
336 1957 450 2041 quibus
468 1955 698 2020 abundantiam
721 1979 810 2020 suam
827 1957 1032 2022 cohibuisset.
1062 1980 1164 2045 neque

199 2041 285 2103 enim
306 2042 408 2104 solum
430 2061 532 2125 uagus
554 2041 619 2123 ille,
642 2062 712 2107 eane
728 2041 937 2125 expandatur,
961 2043 1066 2107 amnis
1081 2044 1165 2109 intre

198 2129 351 2208 usurpata
378 2146 504 2207 semper
525 2126 658 2190 uallium
680 2126 867 2190 substiterat
890 2131 985 2209 atque
1007 2127 1165 2211 haeserat,

198 2209 253 2273 sed
282 2210 397 2294 supino
426 2210 522 2273 etiam
550 2233 587 2274 ac
614 2231 682 2274 non
704 2210 860 2275 detinenti
889 2212 955 2275 solo
999 2211 1109 2277 lacido
1133 2232 1164 2277 se

198 2294 348 2379 mollique
389 2296 481 2378 lapsu
517 2294 649 2379 refugus
692 2294 869 2358 abstulerat
909 2233 1048 2360 necdum
1089 2297 1164 2361 satis
1197 2336 1200 2379 5

160 2400 186 2441 25
199 2385 345 2444 umentes
372 2382 474 2444 terras
502 2380 667 2444 addiderat
689 2379 862 2443 arentibus,
907 2381 1008 2465 igitur
1029 2381 1164 2446 inunda-

197 2465 286 2529 tione
323 2464 460 2548 indeque
493 2465 639 2529 ubertate
680 2465 770 2549 regio
807 2465 957 2528 fraudata
992 2465 1039 2530 sie
1072 2486 1164 2550 opem

198 2549 344 2614 Caesaris
366 2550 532 2612 inuocauit
557 2553 594 2612 ut
616 2550 697 2613 solet
718 2571 845 2614 amnem
867 2571 973 2613 suum:
1011 2572 1073 2615 nee
1096 2551 1163 2615 lon·

198 2633 271 2714 gius
290 2633 339 2694 illi
359 2632 564 2695 aduersorum
579 2632 642 2696 fuit
661 2635 799 2717 spatium
815 2656 908 2718 quam
931 2634 1005 2698 dum
1023 2636 1162 2701 nuntiat

197 2719 264 2779 tam
286 2714 390 2795 uelox,
414 2715 541 2798 Caesar,
565 2718 710 2799 potentia
724 2722 780 2782 tua
799 2722 849 2782 est
862 2723 992 2801 tamque
1006 2718 1042 2783 in
1056 2719 1164 2785 omnia

197 2857 216 2863 --
227 2856 400 2863 -——-.-—

265 2925 280 2971 3
300 2937 403 2973 emere:
422 2923 502 2969 malim
516 2920 541 2969 ei
555 2936 569 2970 e
583 2936 611 2969 re
623 2919 661 2987 119
679 2925 740 2989 ipsa
753 2926 872 2989 Lipsiae:
891 2925 949 2988 ipse
960 2923 987 2971 Μ
999 2920 1010 2989 ΙΙ
1024 2924 1055 2973 11
1071 2925 1166 2991 inopie

196 2990 288 3037 anr
300 2986 309 3054 ΙΙ
326 2991 355 3038 14
370 2986 417 3038 ille
430 2988 535 3052 quidem
553 2993 618 3038 tune
633 3006 738 3055 quoque
751 2992 867 3041 Keiliua:
886 2991 995 3057 quidem
1012 2996 1081 3041 tune
1101 3008 1166 3058 quo·

198 3072 250 3122 que
266 3057 312 3106 ille
329 3057 384 3104 BV
402 3056 511 3120 quidem
530 3071 637 3120 quoque
654 3062 720 3108 tunc
737 3059 813 3109 illoc
832 3073 938 3123 qnoque
956 3064 986 3108 tu
1005 3074 1039 3109 ue
1057 3060 1167 3123 quidem

146 3174 150 3179 ,
196 3124 261 3174 nille
280 3124 345 3187 (nile
363 3122 390 3188 ς)
408 3136 433 3171 w
451 3122 505 3188 1116
523 3126 608 3187 mergi
626 3127 803 3190 repararique
822 3142 852 3191 ςε
874 3140 998 3190 mergere
1014 3128 1166 3194 pararique

196 3192 320 3256 (parique
331 3192 389 3251 mu)
400 3192 426 3239 rt
439 3194 523 3254 mergi
535 3192 641 3257 palanti
652 3208 668 3258 ς
680 3192 690 3258 ΙΙ
705 3196 735 3243 19
745 3193 894 3244 ubertatem
908 3195 967 3244 eius
980 3208 1045 3258 ang.
1054 3197 1166 3261 scripsi:

196 3260 328 3309 ubertatis
343 3259 402 3308 eius
415 3274 476 3324 ang,
489 3260 515 3307 H
533 3260 669 3311 ubertatis
684 3261 742 3310 eius
755 3262 819 3311 anni
831 3274 894 3325 ang.
908 3262 1093 3326 §ubertatem
1107 3263 1166 3313 eius

198 3327 262 3375 anni
271 3328 397 3389 aagedd.
411 3325 421 3392 ΙΙ
434 3329 464 3377 21
473 3344 533 3378 eum
543 3329 649 3378 addo:
663 3330 743 3381 om]
757 3327 761 3393 Ι
776 3330 939 3393 expanditur
948 3341 973 3376 w
985 3326 995 3394 ss
1008 3330 1167 3381 sabellium

195 3395 303 3457 scripsi:
330 3393 439 3444 collium
456 3395 483 3442 Η
505 3393 514 3460 l
537 3398 569 3445 23
592 3410 648 3445 non
666 3396 798 3446 detinenti
816 3397 875 3447 solo
893 3400 1001 3460 scripsi:
1027 3396 1169 3449 detinenti

197 3460 256 3510 solo
274 3476 327 3511 non
345 3462 371 3509 ll
393 3461 402 3527 11
424 3466 457 3512 24
475 3464 602 3526 refugum
619 3465 655 3527 ll,
672 3466 779 3514 correxi
795 3462 854 3528 {1‘26
873 3464 987 3528 indeque
1005 3467 1120 3530 scripsi:
1141 3464 1168 3516 id

197 3532 240 3576 cst
256 3528 282 3575 H
300 3530 369 3579 idem
387 3543 412 3578 w
428 3529 432 3595 Ι
447 3531 569 3596 regionis
587 3531 617 3578 B.
