2406 4012
269 196 480 251 unxrmauo
498 198 670 251 AUGUSTO
688 200 722 251 D.
750 202 825 256 6-8.
989 202 1031 267 95

57 347 239 414 terminum
271 346 336 411 nisi
367 348 422 432 qui
452 351 582 413 tuorum
618 352 702 413 esset
734 371 903 414 armorum.
945 354 1033 437 atqui

58 431 215 499 Rhenum
248 434 342 497 antea
376 432 545 498 uidebatur
576 435 648 518 ipsa
680 433 726 498 aie
758 438 874 499 natura
905 435 1032 502 duxisse

59 521 99 583 ut
130 538 169 582 ao
200 514 303 581 limite
335 515 502 582 Romanae
541 518 725 602 prouinciae
757 519 797 583 ab
829 520 1031 585 immanitate

59 599 229 669 barbariae
249 600 501 667 uindicarentur.
539 607 571 666 et
599 603 670 686 quis
697 625 849 701 umquam
877 608 951 669 ante
974 626 1030 669 uos

58 686 214 773 princeps
234 706 301 750 non
324 686 505 771 gratulatus
529 690 578 752 est
613 687 734 752 Gallias
761 688 818 752 1110
847 711 940 754 amne
962 712 1057 753 mus

59 770 152 837 niri?
181 769 309 855 quando
330 791 398 835 non
427 793 499 837 cum
527 793 652 837 summo
679 775 769 837 metu
789 777 901 838 nostro
924 773 1031 839 Rheni

59 856 189 921 alueum
216 855 334 920 minuit
360 856 414 920 diu
442 878 554 921 serena
580 860 778 940 tempestas?
811 858 938 941 quando
965 880 1031 923 non

60 962 135 1007 oum
151 940 323 1005 securitate
338 943 449 1006 nostra
469 941 555 1006 illius
570 940 692 1005 diluuia
708 941 903 1006 creuerunt?
926 942 1029 1026 credo,

59 1024 174 1091 itidem
196 1025 337 1109 opimam
359 1024 447 1090 illam
475 1025 679 1109 fertilemque
702 1025 826 1109 Syriam
855 1027 944 1091 uelut
966 1048 1030 1090 am-

59 1112 158 1195 plexu
184 1130 243 1174 suo
270 1109 403 1194 tegebat
429 1109 595 1192 Eufrates,
629 1114 800 1194 antequam
827 1110 1029 1176 Diocletiano
1043 1134 1069 1175 ιο

59 1198 177 1280 sponte
192 1215 226 1259 se
246 1194 399 1259 dederent
416 1216 518 1279 regna
533 1195 712 1260 Persarum.
740 1217 851 1260 uerum
866 1195 929 1260 hoo
943 1196 1029 1261 louis
1117 1249 1122 1260 .

59 1280 110 1351 aui
125 1298 215 1344 more
228 1282 310 1343 nutu
331 1278 388 1343 illo
409 1280 524 1364 patrio,
547 1281 739 1364 quaomnia
760 1284 1028 1366 contremescunt,

60 1368 94 1463 et
106 1363 276 1461 maiestate
291 1364 391 1461 uestri
404 1364 543 1429 nominis
557 1368 755 1463 ,consecutus
767 1370 834 1463 est:
861 1370 897 1430 tu
912 1370 1029 1450 autem,

58 1450 410 1617 ffitttzsstttta,
426 1448 1029 1619 ,testareturquenatatu
1043 1553 1069 1593 a

58 1616 203 1683 herculei
248 1619 352 1682 eneris
380 1618 443 1682 hoe
470 1618 572 1683 fatum
595 1622 644 1683 est
677 1619 789 1683 uirtuti
817 1640 892 1682 suae
914 1618 1028 1683 debere

58 1702 145 1787 quod
167 1703 224 1767 uin
250 1703 320 1768 ‘cat
357 1702 471 1767 exinde
493 1703 594 1787 igitur
615 1702 718 1767 soluto
741 1704 847 1767 animo
870 1723 907 1766 ae
929 1703 1029 1768 libero

58 1808 181 1853 mmus.
219 1786 296 1852 licet
329 1786 462 1852 Rhenus
500 1791 626 1851 arescat
660 1788 811 1871 tenuique
849 1787 941 1871 lapsu
974 1789 1029 1852 uix

57 1870 149 1939 leues
178 1871 317 1937 calculos
345 1893 418 1956 pers
442 1872 515 1937 icuo
549 1871 632 1936 uado
664 1872 781 1956 pellat,
817 1872 925 1937 nullus
954 1872 1028 1937 inde

57 1959 164 2022 metus
187 1959 250 2105 cetat:
279 1957 408 2041 quicqui
451 1957 535 2022 ultra
553 1956 702 2022 Rhenum
723 1958 892 2043 prospicio,
913 1956 1028 2025 Roma·
1042 1979 1068 2019 ac

57 2064 139 2107 num
161 2062 218 2108 es.

116 2124 208 2193 VIII.
237 2125 290 2192 Sic
317 2126 373 2191 illa
401 2127 562 2210 quondam
589 2127 755 2192 Romanae
782 2128 946 2213 potentiae
974 2129 1029 2193 diu

57 2210 187 2276 aemula
214 2214 247 2275 et
277 2211 408 2276 inimica
435 2209 597 2297 Carthago
619 2235 639 2276 a
660 2213 696 2278 P.
725 2212 874 2297 Scipione
902 2213 1028 2277 deuicta

57 2298 119 2379 est,
144 2316 216 2360 cum
234 2296 262 2360 is
282 2296 417 2360 traiecto
438 2296 474 2360 in
487 2296 634 2360 Africam
653 2298 794 2361 exercitu
809 2296 1027 2361 Hannibalem

57 2380 101 2445 ab
127 2379 240 2445 Italiae
268 2381 450 2445 uastatione
476 2381 651 2445 reuocauit.
688 2381 833 2444 audieras
862 2380 939 2462 hoc,
967 2380 1026 2443 im·
1040 2398 1067 2438 aa

55 2464 210 2549 perator?
238 2486 281 2529 an
307 2465 376 2550 ipse
402 2487 460 2549 per
488 2468 521 2528 te
550 2464 661 2528 diuina
686 2468 743 2527 tua
769 2466 876 2527 mente
898 2485 1026 2548 perspe-

57 2570 153 2614 xeras
183 2550 230 2614 ita
257 2549 384 2614 demum
412 2549 520 2613 hostes
542 2548 687 2613 funditus
709 2569 802 2632 posse
825 2548 977 2633 subuerti,
1000 2549 1027 2613 si

56 2635 92 2699 iu
121 2634 260 2719 propriis
288 2634 415 2699 sedibus
443 2634 648 2698 uincerentur
675 2655 735 2698 neo
762 2633 913 2718 praedam
935 2633 1028 2698 modo

57 2738 156 2802 quam
178 2718 339 2803 cepissent
367 2720 566 2803 amitterent,
595 2719 650 2783 sed
679 2718 741 2803 ipsi
763 2719 915 2804 coniuges
938 2724 970 2784 et
991 2718 1027 2783 li-

56 2802 150 2867 beros
183 2805 217 2867 ot
244 2807 397 2935 parentes
431 2824 505 2868 suos
539 2806 570 2868 et
599 2803 764 2869 carissima
797 2805 906 2869 omnia
935 2808 1066 2889 capua

55 2892 254 2952 maererent.
289 2888 349 2953 hoc
371 2892 407 2953 tu
430 2889 496 2952 siue
526 2889 691 2973 cognitum
713 2891 839 2953 secutus
862 2912 895 2954 es
917 2910 972 2953 seu
994 2894 1027 2953 te

128 3131 140 3177 1
161 3143 298 3179 armorum
317 3141 355 3175 w:
374 3129 500 3179 arborum
512 3130 539 3177 Π
556 3127 566 3192 ΙΙ
585 3128 780 3178 2uidcatur1
805 3126 814 3191 fi
836 3127 956 3191 4eequia
975 3128 992 3173 0
1012 3126 1025 3189 ,ξ

55 3200 72 3247 5
97 3196 229 3262 princeps
255 3199 365 3262 ratpot:
396 3197 535 3261 principes
561 3197 588 3244 lt
615 3194 618 3261 Ι
642 3194 690 3244 illc
712 3208 750 3242 w:
778 3195 885 3245 illorum
909 3196 936 3241 Η
967 3191 977 3257 ΙΙ
1010 3195 1027 3242 t

54 3262 148 3314 Rheni
170 3264 283 3316 alueum
305 3280 353 3315 cm.
373 3263 405 3312 W
474 3266 489 3314 9
512 3261 587 3327 itia]
616 3262 768 3313 identidem
788 3263 861 3312 Bere.
882 3262 886 3323 t
908 3262 1026 3326 opimam

55 3332 204 3383 hainae:
228 3333 358 3396 optimam
382 3334 409 3381 Π
435 3330 440 3396 Ι
475 3332 506 3381 14
530 3333 653 3381 inuictus
676 3332 694 3378 0
722 3329 731 3394 ΙΙ
761 3334 793 3380 15
816 3331 935 3393 igneque
956 3341 993 3376 w:
1017 3327 1027 3391 ῐΙ

56 3400 89 3449 16
106 3398 212 3450 facturn
229 3400 257 3447 1
277 3398 280 3409 '
301 3415 369 3450 auae
391 3402 500 3464 scripsi:
524 3404 589 3450 tuae
607 3400 634 3447 Π
657 3397 731 3448 Bert.
761 3396 771 3461 fl
801 3399 830 3448 17
855 3396 981 3447 uindicat
999 3398 1027 3445 1

55 3466 132 3519 Beer.
151 3464 162 3531 ΙΙ
179 3470 213 3519 20
224 3468 365 3533 perspicio
374 3468 408 3516 W
420 3464 429 3532 ΙΙ
442 3470 475 3517 24
487 3470 510 3517 ia
523 3484 570 3517 cia.
581 3467 613 3515 W
633 3464 637 3530 Ι
658 3468 691 3515 00
702 3467 762 3531 ipsa
774 3466 801 3513 1
821 3464 825 3529 Ι
844 3480 1027 3530 perspexeras

55 3534 113 3583 AV
124 3538 159 3585 w
170 3534 260 3591 Bora:
277 3550 461 3601 prospexeras
471 3536 491 3585 B
501 3538 518 3583 0
540 3532 550 3599 11
571 3537 603 3585 29
618 3549 649 3585 ac
662 3534 707 3583 lib.
721 3536 738 3581 0
753 3540 756 3593 ξ
770 3533 872 3584 liberos
887 3534 981 3584 sucsd
994 3532 1026 3579 W
