2406 4012
256 151 472 207 GRATIARUM
489 151 598 204 ACTIO
617 150 781 205 IULIANO.
805 152 913 201 19—22.
1006 148 1068 213 261

165 300 252 367 XXI.
299 304 346 365 At
371 322 473 382 nunc,
503 300 645 384 quisquis
672 299 857 383 prouincias
886 299 1070 362 tribunatus

99 386 320 473 praefecturas
347 384 530 450 consulatus
560 384 663 468 cupit,
691 383 772 447 nihil
794 404 925 447 necesse
948 386 997 445 est
1016 405 1071 467 pe·

101 471 232 537 cuniam
254 491 311 554 per
328 469 379 534 fas
402 472 435 533 et
456 468 546 533 nefas
562 470 695 552 quaerat
717 490 755 532 ac
776 468 957 531 libertatem
980 488 1070 530 suam

100 556 261 621 salutator
281 553 355 617 uilis
377 554 547 617 inminuat.
587 556 708 635 quanto
729 552 828 616 fuerit
844 552 986 636 paratior
1008 573 1071 614 ser·

100 639 210 719 nitati,
232 641 325 703 tanto
340 638 461 701 bonore
482 637 648 722 indignior
663 636 865 701 iudicabitur.
892 639 962 700 tum
985 634 1096 699 aliud⁵

99 722 263 809 quoddam
290 721 456 785 hominum
484 742 586 806 genus
615 725 663 784 est
691 721 725 783 in
753 721 894 785 amicitia
915 721 1071 805 principis

98 808 216 891 nostri,
238 805 317 893 rude
342 805 393 891 (ut
413 806 546 869 urbanis
568 804 639 868 istis
661 805 813 888 uidetur),
834 826 948 887 parum
971 826 1070 882 come,

99 890 333 972 subrusticum
359 889 588 954 blandimentis
612 889 799 952 adulantum
820 891 995 972 repugnat,
1017 910 1071 970 pe·

100 976 216 1041 cuniae
237 995 315 1038 uero
343 974 466 1039 alienae
488 977 653 1056 tamquam
674 975 721 1036 rei
744 972 857 1036 noxiae
880 975 1001 1036 tactum
1024 994 1071 1036 re-

98 1058 271 1142 formidat,
305 1059 461 1122 maximas
490 1080 566 1142 opes
594 1058 628 1121 in
657 1058 704 1121 rei
731 1057 878 1141 publicae
906 1058 1008 1121 salute
1040 1060 1072 1120 et
1086 1076 1110 1114 ιο

99 1143 245 1229 gloriosa
271 1142 474 1227 imperatoris
504 1143 553 1206 sui
575 1142 669 1205 laude
697 1142 871 1207 constituit.
915 1142 981 1205 iam
1002 1142 1071 1226 ipse

54 1278 59 1285 .
98 1227 230 1312 ingenti
252 1226 423 1310 diuinaque
445 1227 616 1311 prudentia
646 1227 798 1291 aduersus
826 1248 936 1290 omnes
965 1247 1071 1290 assen-

98 1316 241 1375 tatorum
263 1311 431 1375 illecebras
454 1312 682 1394 captionesque
705 1311 846 1376 munitus
867 1315 924 1375 est.
953 1312 1071 1396 quippe

100 1396 132 1460 ei
153 1416 173 1459 a
193 1395 310 1459 fucatis
338 1395 524 1459 adulatuum
548 1396 682 1459 uenenis
711 1394 795 1479 quod
817 1395 995 1476 periculum
1024 1398 1073 1458 est

99 1480 158 1627 tt
179 1500 281 1627 stt
303 1477 1110 1646 aarestituantiaciat1⁵

99 1647 321 1731 petendorum.
359 1648 518 1730 quisquis,
541 1647 687 1730 inquam,
711 1667 824 1729 capere
846 1646 1071 1730 magistratum

98 1730 202 1811 uoles,
225 1732 294 1795 auri
309 1735 406 1815 atque
421 1731 549 1816 argenti
564 1731 659 1816 negle
683 1752 740 1794 ens
755 1732 832 1812 esto,
855 1730 959 1794 nullas
975 1731 1071 1793 ostia-

99 1815 163 1879 tim
184 1818 351 1898 potentum
375 1816 468 1879 aedes
491 1816 590 1898 obito,
612 1751 732 1880 nullius
747 1815 854 1899 pedes,
877 1814 996 1879 nullius
1018 1836 1072 1900 ge-

98 1920 168 1963 nua
190 1920 259 1964 com
282 1900 422 1964 lectitor.
456 1900 605 1964 adhibeto
627 1904 755 1965 tantum
777 1900 836 1964 tibi
858 1901 1016 1985 gratuitas
1040 1904 1072 1964 et
1085 1920 1110 1959 ro

99 1986 217 2067 paratu
253 1922 423 2048 idcillimas
465 1985 610 2064 comites,
658 1985 812 2049 iustitiam
848 1985 1072 2048 fortitudinem

99 2068 351 2151 temperantiam
373 2072 468 2152 atque
490 2070 711 2152 prudentiam:
749 2070 833 2132 ultro
857 2071 896 2132 ad
919 2072 950 2132 tc
973 2071 1072 2138 manif

99 2173 174 2215 mus
195 2151 369 2236 imperator
391 2153 520 2217 accedet
542 2156 576 2216 et
597 2156 633 2216 ut
655 2175 804 2236 capessas
826 2152 1071 2234 rempublicam

99 2235 273 2320 flagitabit.
318 2236 421 2301 otioso
444 2237 504 2300 tibi
530 2241 625 2319 atque
648 2237 711 2299 alia
740 2237 864 2299 curanti
885 2235 1071 2319 prouinciae

100 2320 324 2403 praefecturae
338 2320 443 2385 fasces
460 2321 539 2384 sella
555 2320 673 2384 curulis
694 2323 789 2403 atque
806 2322 915 2383 omnia
929 2319 1072 2402 insignia
1084 2340 1109 2377 a

100 2425 155 2468 ma
183 2406 349 2468 'stratuum
372 2406 567 2469 deferentur.
612 2404 687 2487 quid
710 2405 796 2467 enim
823 2404 884 2467 sibi
906 2425 999 2467 uerae
1022 2405 1072 2467 uir
1158 2480 1161 2489 Ι

99 2509 141 2572 pe
175 2492 324 2572 actaeque
347 2489 477 2553 uirtutis
500 2510 566 2552 non
590 2491 775 2553 constanter
798 2488 836 2554 de
855 2488 978 2554 honore
999 2511 1072 2573 pro·

99 2573 222 2656 mittat,
248 2595 320 2637 eum
342 2595 392 2637 me
414 2576 545 2657 propter
564 2573 730 2637 tantillum
752 2573 957 2639 innocentiae
979 2575 1071 2639 meri-

99 2660 170 2720 tum
192 2678 257 2720 uno
278 2658 314 2720 in
336 2680 421 2722 anno
442 2661 492 2722 ter
514 2657 622 2722 uideat
643 2659 860 2723 honoratum?

166 2740 270 2805 XXII.
327 2741 446 2826 Ecquis
481 2742 558 2806 deus
593 2764 657 2806 uno
691 2744 726 2806 in
760 2765 845 2807 anno
878 2744 1109 2827 multiplicasse

99 2825 226 2889 fructus
253 2846 334 2910 agro
361 2827 418 2891 uni
441 2826 552 2890 dedit?
596 2848 675 2889 num
703 2827 870 2909 quisquam
898 2827 933 2889 in
961 2827 1071 2890 cadem

168 3061 303 3131 clodia]
331 3066 518 3116 uocabiturc
550 3060 556 3128 Ι
588 3067 659 3125 tum;
687 3080 721 3113 aa
744 3066 840 3113 nunc?
874 3061 883 3128 ΙΙ
918 3066 932 3113 7
956 3064 1070 3115 urbanis

101 3132 160 3180 GV
177 3146 216 3181 w:
242 3133 365 3183 urbanus
383 3134 442 3182 AB
468 3133 472 3196 Ι
499 3147 596 3196 parum
620 3134 703 3180 eac
733 3129 743 3196 ΙΙ
772 3133 788 3181 9
809 3146 874 3181 uero
894 3149 939 3183 om.
960 3131 1032 3181 Bert.
1061 3130 1070 3196 Ι

100 3202 133 3249 12
154 3199 331 3264 prouidentia
353 3202 411 3250 ead.
442 3198 447 3265 Ι
483 3202 514 3249 14
538 3197 698 3249 adulatuum
720 3202 828 3263 scripsi:
855 3198 1025 3249 adulantium
1043 3202 1071 3248 1

99 3264 109 3331 ΙΙ
132 3268 164 3317 16
186 3282 259 3317 nune
278 3284 324 3319 om.
343 3266 419 3320 Bert.
478 3269 509 3319 18
526 3266 668 3317 hostiatim
685 3268 713 3314 n
736 3264 746 3330 ΙΙ
776 3269 809 3317 ’20
827 3267 880 3316 tibi
898 3284 944 3317 om.
964 3266 1039 3317 Bert.
1061 3268 1070 3334 ΙΙ

98 3336 133 3384 25
151 3334 235 3384 scella
245 3337 278 3385 W
293 3333 297 3392 Ι
313 3335 433 3400 insignia
452 3336 541 3385 omnia
555 3334 689 3395 BcVW3
707 3336 789 3385 malim
808 3336 924 3385 omnium
936 3332 947 3401 Ι
959 3337 992 3385 ’26
1010 3350 1068 3401 per-

99 3401 259 3452 retentura
290 3402 299 3467 ΙΙ
330 3406 362 3453 30
380 3404 470 3468 ecquis
489 3405 562 3454 edit:
581 3418 633 3452 uec
652 3402 711 3468 quis
730 3404 758 3449 Π
776 3417 848 3452 nunc
867 3401 942 3465 (num
961 3404 1068 3454 Itinera-

97 3466 196 3535 uuus)
216 3471 276 3533 quis
297 3472 427 3521 Liuineius
