2406 4012
132 184 195 249 194
453 185 501 235 ΙΧ.
531 183 682 235 INCERTI
698 182 782 234 PAN.

131 356 282 421 praesens
304 334 432 399 hortata
453 336 503 398 est
523 333 674 397 maiestas
696 335 747 415 ut,
774 331 927 397 omnibus
948 332 1018 397 fere
1038 331 1098 399 tuis

132 421 302 487 comitibus
324 423 357 484 et
379 418 511 482 ducibus
535 439 603 482 non
625 416 728 481 solum
749 417 848 481 tacite
870 417 1093 501 mussantibus,

133 506 188 571 sed
211 505 308 569 etiam
336 505 446 586 aperte
467 501 655 599 timentibus
661 548 685 598 ,ο
702 504 814 597 contra
843 501 981 565 consilia
1002 501 1094 599 homi·
1117 530 1121 539 ·

106 586 1094 766 ⁵ttstttttttttttttbttlitttttt

132 758 260 841 aliquod
285 778 357 821 cum
378 756 434 819 illa
454 760 563 820 mente
585 755 711 834 diurna,
740 753 972 837 Constantine,
1002 776 1091 821 sacre
1118 812 1121 817 .

131 847 211 926 tum,
234 862 316 925 quae
335 841 482 926 delegata
503 839 606 904 nostri
621 840 669 903 dis
692 838 869 903 minoribus
892 860 971 904 cura
992 838 1047 903 uni
1062 860 1091 903 sc

132 928 192 992 tibi
203 927 358 1012 dignatur
368 926 545 989 ostendere.
566 923 716 1008 alioquin,
728 923 963 988 fortissimcim
1003 928 1090 1005 rator,

134 1013 179 1076 sic
201 1033 341 1096 quoque,
369 1032 441 1074 cum
463 1009 592 1091 uiceris,
620 1008 717 1072 redde
737 1009 906 1072 rationem.
984 1008 1092 1073 benum

95 1113 120 1154 10
133 1102 170 1161 tu
197 1096 325 1179 quidem
352 1099 421 1159 toto
453 1094 553 1157 limite
581 1093 744 1175 dispositis
777 1092 970 1157 exercitibus
997 1096 1091 1157 tutum
1122 1170 1125 1175 Ι

133 1181 317 1263 reliqueras,
341 1178 397 1242 sed
415 1179 478 1242 hoc
497 1177 634 1241 maiores
655 1180 760 1260 prote
779 1177 978 1261 suscepimus
997 1180 1093 1241 metus

133 1263 217 1347 quod
239 1264 334 1326 nobis
355 1264 462 1348 potius
485 1282 581 1344 quam
600 1261 661 1324 tibi
683 1261 871 1325 consulebas
893 1264 1092 1345 nostramquc
1129 1287 1134 1337 ι

132 1368 244 1431 pacem
266 1347 371 1431 magis
392 1368 488 1430 quam
502 1346 623 1410 bellum
645 1346 729 1429 quod
750 1344 980 1431 aggrediebare
998 1346 1091 1410 firma·
1127 1342 1134 1451 l

133 1453 236 1498 ueras.
1132 1458 1134 1467 ·

96 1536 121 1576 15
197 1514 257 1580 ΙΙΙ.
301 1515 352 1581 Ne
373 1518 425 1598 tu,
454 1515 642 1598 imperator,
671 1513 771 1577 nimio
792 1515 894 1578 nostri
917 1535 1026 1579 amore
1045 1534 1094 1577 ne·

135 1603 223 1666 scisti
245 1601 285 1664 ad
307 1600 510 1665 securitatem
532 1599 627 1662 uobis
648 1620 723 1662 uere
745 1597 930 1681 prouidere,
962 1599 1094 1683 quinon

54 1686 56 1690 ’
134 1687 242 1751 omnia
270 1690 376 1750 tecum
411 1707 499 1748 arma
530 1682 677 1765 mouisti,
711 1704 783 1746 cum
814 1686 871 1746 tua
903 1683 1094 1748 conseruatio

135 1772 220 1838 salus
247 1775 359 1834 nostra
386 1770 438 1834 sit.
483 1772 515 1833 ct
536 1767 612 1852 quid
633 1788 712 1850 opus
738 1770 808 1831 erat
829 1767 893 1850 ipsi
915 1766 1031 1834 Rheno
1051 1768 1093 1831 in·

135 1855 265 1918 structis
289 1860 321 1917 et
342 1854 498 1917 militibus
521 1857 553 1915 et
575 1851 746 1935 classibus,
775 1872 870 1934 quem
892 1851 958 1916 iam
980 1851 1095 1936 pridem

96 1957 121 1996 so
134 1936 279 2000 barbaris
301 1936 486 2000 nationibus
508 1937 637 2000 uirtutis
655 1939 729 1999 tuae
749 1938 852 2000 terror
874 1934 1096 2001 obstruxerat?

135 2042 176 2082 an
199 2023 361 2083 ostentare
383 2019 511 2083 uoluisti
533 2018 736 2104 diligentiam
751 2023 850 2104 tuam,
873 2019 986 2085 diuisis
1004 2020 1096 2105 copiis

133 2104 218 2167 inter
247 2104 421 2168 custodiam
444 2103 532 2186 pacis
560 2107 593 2167 et
615 2104 716 2168 belli?
761 2127 801 2168 an
825 2104 922 2169 etiam
945 2107 1098 2170 iactanter

135 2196 167 2253 ct
188 2188 327 2273 gloriose
347 2189 483 2274 probare
504 2188 690 2253 liberandae
712 2189 784 2253 urbi
805 2192 837 2253 te
860 2190 1010 2255 sufficere
1032 2211 1098 2256 cum

133 2272 267 2357 paucis?
291 2275 345 2338 uix
367 2274 452 2338 enim
471 2277 586 2356 quarta
600 2276 693 2356 parte
716 2274 872 2338 exercitus
897 2278 1013 2340 contra
1033 2296 1098 2340 cen·

95 2377 120 2419 rs
133 2363 203 2423 tum
236 2359 326 2423 milia
360 2362 555 2424 armatorum
583 2358 725 2421 hostium
753 2357 852 2441 Alpes
879 2361 973 2423 trans
1015 2380 1098 2425 ossus

135 2466 184 2527 es,
219 2448 255 2507 ut
283 2447 451 2528 appareret
477 2444 606 2528 penitus
641 2441 915 2507 considerantibus
948 2445 973 2525 (i
1021 2442 1099 2529 quod

134 2550 194 2592 nos
226 2528 312 2612 fugit
342 2531 391 2594 tui
424 2550 528 2594 amore
560 2527 772 2611 trepidantes)
806 2549 872 2591 non
901 2528 1034 2592 dubiam
1059 2530 1098 2610 le,

135 2612 191 2675 sed
212 2613 403 2692 promissam
430 2612 585 2676 diuinitus
612 2615 721 2695 petere
747 2611 925 2676 uictoriam.
971 2613 1101 2677 duxerat

134 2714 289 2774 magnum
311 2694 447 2757 Seuerus
476 2697 665 2762 exercitum:
703 2698 737 2760 at
760 2695 886 2760 hostem
914 2717 1009 2761 suum
1035 2718 1100 2781 per·

96 2776 210 2839 sofidia
246 2775 389 2841 desertus
427 2783 614 2844 armauerat.
672 2781 808 2845 maiores
843 2784 958 2864 postea
996 2781 1100 2866 copias

133 2858 348 2956 Maximianus
369 2862 569 2927 admouerat:
593 2870 628 2930 ct
643 2869 676 2929 et
689 2867 758 2949 ipsc
772 2865 952 2950 transfugis
971 2866 1101 2931 circum·

136 2966 219 3009 orsus
242 2945 411 3013 uidebatur
427 2969 578 3034 prospere
600 2951 767 3035 refugisse.
795 2951 865 3035 ipse
888 2949 1027 3034 denique
1049 2948 1101 3033 qui

202 3171 217 3219 6
237 3169 344 3234 aliquid
361 3174 398 3234 Η,
416 3188 485 3222 corr.
503 3173 635 3222 Liuineius
647 3169 657 3237 ΙΙ
675 3174 690 3221 7
708 3172 812 3222 nostris
831 3174 864 3221 W
875 3169 886 3237 ΙΙ
905 3174 936 3223 15
955 3172 1102 3223 minimos

135 3236 148 3303 ll
170 3239 201 3288 16
220 3238 372 3301 presides
394 3237 404 3303 ΙΙ
427 3242 459 3289 18
479 3244 538 3288 crat
556 3254 625 3303 opus
643 3242 660 3287 (l
681 3235 692 3302 ΙΙ
715 3241 746 3289 19
765 3235 857 3303 quem]
877 3255 930 3304 que
947 3241 971 3289 A
989 3238 1050 3304 Π
1070 3240 1101 3289 tl

133 3304 282 3356 noluistic
312 3302 322 3369 11
351 3308 384 3354 22
402 3321 437 3356 an
456 3321 485 3372 ςι
504 3312 552 3358 ant
569 3309 596 3356 Ι
623 3304 633 3372 ΙΙ
663 3308 696 3357 25
713 3307 798 3371 Alpes
816 3323 862 3357 om.
881 3307 914 3355 W
937 3305 948 3372 l
974 3308 1009 3359 26
1026 3308 1103 3373 peni·

133 3373 189 3421 tius
206 3373 339 3423 Liur'nez'us
351 3371 361 3438 ΙΙ
378 3375 410 3423 27
428 3388 477 3423 uos
494 3375 517 3422 Δ
532 3374 537 3437 Ι
552 3376 594 3425 tui
611 3388 647 3422 w:
667 3374 695 3423 iu
713 3375 741 3422 Μ
759 3373 801 3436 (ut
818 3373 850 3439 V)
867 3371 878 3440 ΙΙ
896 3376 929 3426 29
948 3382 978 3426 at
995 3376 1103 3439 scripsi:

135 3441 163 3486 et
179 3440 206 3486 H
235 3437 245 3502 ΙΙ
274 3443 307 3492 31
326 3446 356 3491 st
374 3441 478 3491 addidi:
498 3458 543 3492 om.
561 3444 589 3491 Μ
612 3443 616 3504 Ι
641 3441 820 3493 circumcisus
837 3443 859 3491 Δ
877 3441 968 3494 Bert:
988 3444 1102 3493 circum·

133 3504 199 3554 cisis
218 3507 260 3568 W,
279 3523 325 3557 om.
343 3509 363 3556 Β
382 3509 439 3555 cv
