2406 4012
290 220 518 273 consummo
539 220 693 272 cansam
712 224 746 272 n.
772 225 879 273 re-ar.
1009 220 1067 284 141

98 373 252 438 duratura
272 370 442 454 progenies
472 391 545 434 oum
565 370 672 452 uobis,
700 372 771 432 tum
798 369 894 433 etiam
915 368 965 433 his
988 391 1068 454 quos

99 456 244 522 educatis
283 458 379 538 atque
413 454 587 519 eduoabitis
624 454 820 518 dedicentur.
870 453 946 537 quid
983 454 1069 518 enirn
1151 470 1153 479 ’

98 541 214 606 melius
241 539 377 623 posteris
407 539 527 602 nostris
555 541 665 622 optare
692 559 859 621 possumus
887 559 982 621 quam
1006 559 1068 621 quo

97 626 237 690 fruimur
257 622 343 706 ipsi?
373 627 463 687 tenet
484 644 548 686 uno
569 624 657 706 pacis
681 623 829 705 amplexu
850 623 1000 699 Romana:
1017 645 1068 687 res

97 710 243 794 publiea,
272 707 423 791 quiequid
449 707 547 772 uariis
568 710 747 790 temporum
775 707 899 772 uieibus
921 706 985 771 fuit
1012 708 1094 771 ali-5

98 793 226 879 quando
249 791 445 873 Romanum,
476 794 508 855 et
534 791 589 854 illa
617 813 697 875 quae
725 812 819 874 saepe
845 792 946 856 ueluti
967 793 1069 856 nimia

98 878 183 943 mole
215 877 389 953 defluxerat
415 875 606 960 magnitudo
632 876 764 940 tandem
796 875 897 939 solido
927 876 1069 941 cohaesit

97 963 245 1047 imperio,
288 960 371 1025 nihil
399 982 437 1024 ex
465 961 553 1024 omni
578 964 735 1024 terrarum
764 960 906 1042 caelique
934 962 1068 1045 regione

97 1069 166 1113 non
194 1049 251 1112 aut
274 1049 367 1109 metu
392 1045 534 1128 quietum
556 1048 606 1108 est
633 1048 688 1108 aut
709 1044 806 1108 armis
829 1045 984 1110 domitum
1013 1049 1069 1109 aut

98 1133 219 1216 pietate
243 1130 437 1195 deuinctum.
485 1132 518 1193 et
540 1151 578 1193 ex
600 1130 673 1193 aliis
696 1129 822 1214 quidem
844 1129 990 1213 partibus
1012 1130 1107 1194 ali-10

120 1239 163 1280 ua
184 1217 310 1279 restant
332 1235 429 1298 quae,
458 1215 486 1278 si
508 1213 657 1279 uoluntas
683 1215 735 1279 uel
755 1214 837 1279 ratio
859 1236 966 1279 rerum
989 1215 1069 1279 desi-

99 1239 229 1383 ierent,
252 1299 383 1383 possitis
405 1298 586 1382 acquirere:
608 1300 695 1363 ultra
717 1320 870 1364 oceanum
892 1321 969 1364 uero
992 1299 1069 1383 quid

99 1389 169 1450 erat
190 1387 318 1468 praeter
339 1382 570 1448 Britanniam?
608 1405 689 1467 quae
716 1407 735 1448 a
756 1384 848 1449 uobis
875 1384 921 1447 ita
948 1386 1067 1468 recipe-

98 1473 170 1534 rata
198 1472 247 1534 est
276 1472 312 1532 ut
334 1467 407 1531 illae
429 1489 553 1552 quoque
580 1469 730 1532 nationes
751 1468 898 1532 terminis
927 1468 1068 1532 eiusdem

97 1554 224 1618 insulae
266 1554 472 1618 cohaerentes
511 1552 628 1617 uestris
669 1552 801 1618 nutibus
841 1552 1065 1634 obsequantur.
1080 1571 1107 1612 15

97 1639 189 1703 nulla
210 1636 436 1721 progrediendi
459 1658 556 1701 eausa
578 1639 724 1719 superest
744 1635 808 1700 nisi
829 1635 857 1698 si
864 1682 873 1716 ‚
906 1635 990 1718 quod
1011 1657 1068 1700 na-

97 1727 172 1788 tura
198 1723 315 1804 uetuit,
343 1722 423 1785 fines
446 1721 546 1805 ipsius
569 1723 763 1803 quaerantur
785 1719 906 1784 oceani.
951 1719 1067 1803 omnia,

97 1808 240 1890 inquam,
262 1805 466 1870 inuictissimi
503 1805 653 1888 rinoipes,
675 1807 781 1868 uestra
799 1806 875 1867 sunt
896 1810 1068 1888 quaesunt

98 1891 200 1976 digna
229 1891 330 1955 nobie.
381 1894 414 1954 et
440 1828 514 1954 inis
543 1891 592 1953 est
618 1890 702 1974 quod
731 1890 896 1955 consulere
930 1889 1066 1974 singulis

99 1975 275 2058 aequaliter
297 1976 389 2057 lieet,
413 1996 485 2039 eum
507 1975 657 2039 uniuersa
680 1974 826 2039 teneatis.
1079 1993 1105 2032 20

163 2058 250 2123 XXI.
290 2059 402 2142 Itaque
425 2058 521 2124 sicuti
543 2059 667 2142 pridem
689 2063 756 2143 tuo,
777 2059 979 2125 Diocletiane
1003 2061 1067 2122 Au-

97 2144 315 2293 untur
332 2143 637 2311 {ututur
654 2143 1066 2310 tutatuta·

291 2278 300 2311 7
643 2278 650 2306 1

97 2317 180 2376 nutu
201 2311 394 2376 Neruiorum
423 2315 455 2376 et
477 2313 681 2377 Treuirorum
709 2333 786 2375 arua
812 2312 950 2375 iacentia
978 2276 1067 2374 ualui

97 2396 298 2482 postliminio
325 2397 492 2461 restitutus
519 2399 552 2460 et
578 2399 724 2478 receptus
752 2396 787 2460 in
810 2394 898 2479 leges
920 2394 1065 2458 Francus
1078 2412 1105 2456 aa

99 2481 256 2545 excoluit:
294 2482 340 2545 ita
375 2502 462 2546 nune
495 2502 552 2563 per
583 2479 734 2544 uictorias
767 2482 854 2557 tuas,
893 2477 1066 2543 Constanti

98 2566 218 2629 Caesar
253 2565 388 2648 inuicte,
426 2564 575 2649 quiequid
611 2563 797 2648 infrequens
833 2562 996 2628 Ambiano
1033 2567 1066 2628 et

98 2650 273 2714 Bellouaeo
295 2655 327 2714 et
348 2650 530 2714 Tricassino
559 2649 626 2714 solo
647 2649 888 2735 Lingoniooque
910 2649 1063 2732 restabat,

97 2736 233 2799 barbaro
262 2735 383 2800 cultore
411 2734 584 2800 reuiresoit.
636 2734 715 2818 quin
746 2734 843 2799 etiam
871 2734 941 2818 illa,
977 2735 1065 2798 ouius
1115 2804 1117 2809 ,

101 2875 303 2883 -.----—-----.

167 2942 180 2989 1
199 2939 269 3007 oum]
288 2937 622 3005 1111101141111111111116
641 2939 731 3004 sepius
743 2942 760 2988 0
773 2936 812 3004 ΙΠ
829 2938 977 2988 defluxerat
993 2940 1063 2988 Bw:

97 3007 268 3059 defluxerant
279 3011 331 3059 10
349 3008 546 3058 difluxerantv
562 3007 566 3070 1
583 3007 665 3057 solito
678 3009 695 3055 0
709 3004 718 3070 ΙΙ
732 3009 762 3056 11
775 3005 905 3070 uoluptas
917 3007 940 3054 A
953 3005 958 3068 Ι
975 3021 1064 3055 rerum

96 3077 166 3125 AW
178 3076 267 3126 Bere:
286 3093 333 3127 om.
350 3076 434 3125 BGV
450 3072 460 3140 ΙΙ
479 3078 510 3124 12
528 3072 607 3139 uero]
627 3090 681 3124 non
699 3071 745 3137 011
764 3075 795 3124 13
813 3074 898 3138 reoip.
917 3074 952 3121 Ar
970 3087 1064 3137 reeup.

97 3141 226 3208 11111118
245 3144 331 3210 digna
349 3149 413 3194 eunt
433 3139 572 3205 31111121
591 3145 715 3206 Auguste
733 3156 779 3191 om.
799 3141 832 3189 W
844 3140 854 3202 ΙΙ
867 3143 898 3189 22
920 3140 998 3190 iussu
1015 3140 1064 3189 im-

97 3210 185 3277 pleuit
203 3210 293 3264 Bert:
311 3211 494 3276 iussuppleuit
511 3210 568 3259 AV
587 3211 665 3259 iussu
683 3207 824 3274 suppleuit
840 3211 857 3257 0
875 3209 954 3257 iussu
970 3207 990 3255 11
1004 3220 1028 3254 w
1049 3205 1062 3272 j!

98 3282 131 3329 23
150 3279 217 3329 Asia
235 3281 310 3330 edat:
328 3280 395 3330 Asia
413 3278 562 3343 compleuit
579 3279 606 3326 11
631 3274 641 3341 ΙΙ
670 3278 704 3326 24
721 3281 789 3326 nutu
807 3291 853 3326 om.
871 3275 946 3324 Bert.
972 3272 977 3340 Ι
1001 3290 1064 3326 ner-

96 3348 205 3397 uiorum
224 3360 262 3395 w:
290 3348 425 3397 aruiorum
442 3348 481 3399 11,
509 3347 559 3394 nisi
576 3347 644 3409 quod
660 3345 796 3394 ariuorum
815 3357 840 3390 111
864 3357 1030 3393 armorumr
1057 3341 1062 3409 Ι

96 3413 175 3464 uelut
193 3415 321 3480 Lanatus:
340 3414 431 3469 laetus
448 3415 475 3462 11
493 3414 597 3462 Laetus
617 3413 749 3475 Ualerius,
770 3412 814 3460 aui
833 3408 843 3472 {t
864 3411 897 3459 26
915 3409 1065 3461 Constanti

98 3484 172 3535 edos
191 3479 374 3533 Constantine
390 3482 418 3528 Ι
429 3478 440 3545 ΙΙ
452 3481 485 3531 28
503 3480 656 3545 trigassino
674 3480 811 3544 (trigress.
825 3473 859 3542 Δ)
877 3475 923 3545 111
938 3479 1064 3530 restabat

97 3550 217 3601 barbaro
230 3549 323 3614 Casa:
335 3547 496 3600 restababat
507 3549 572 3598 baro
584 3547 656 3597 Bere.
669 3547 792 3598 restabat
804 3546 873 3597 baro
886 3545 978 3609 (barro
989 3546 1024 3610 w)
1035 3546 1063 3592 11

839 3625 841 3629 ’
861 3633 911 3680 10·
