2406 4012
182 227 243 293 116
296 230 347 281 111.
377 227 432 279 CL.
452 226 616 279 MAMnsr.
637 226 821 279 GENETHL.
840 225 973 277 MAXIM.
994 228 1037 280 19.
1154 39 1195 261 Ἰ·

185 379 243 443 tali
258 381 313 442 tuo
328 378 553 462 praedicarem.
584 376 702 440 etenim
722 379 847 439 ceterae
862 375 998 440 uirtutes
1020 377 1053 439 et
1068 375 1151 441 bona

186 467 291 527 cetera
310 483 461 545 processu
483 460 598 526 aetatis
621 460 783 542 eueniunt,
806 460 962 524 fortitudo
985 460 1081 525 annis
1105 482 1150 527 ac·
1191 526 1194 535 ,

185 547 370 612 cedentibus
399 546 582 625 roboratur,
617 544 817 609 continentia
844 544 1034 628 disciplinae
1062 566 1150 628 prae·
1192 546 1195 551 '

185 632 287 714 ceptis
315 629 467 713 traditur,
496 628 618 694 iustitia
646 629 829 713 cognitione
857 628 936 692 iuris
964 628 1149 713 addiscitur,
1192 634 1195 641 '

157 716 255 798 sipsa
283 714 419 798 denique
446 714 503 778 illa
531 734 611 797 quae
638 713 765 778 uidetur
792 734 898 777 rerum
925 714 1072 778 omnium
1101 714 1151 778 do·

184 799 273 862 mina
294 819 362 863 esse
385 798 542 883 sapientia
562 799 738 882 perspectis
760 796 926 862 hominum
948 798 1096 863 moribus
1122 802 1151 863 et

183 883 357 967 exploratis
379 904 486 947 rerum
501 882 632 946 docetur
652 882 792 946 euantis:
815 881 900 947 solae
923 904 997 946 cum
1018 903 1150 949 nascen-

184 967 271 1032 tibus
299 968 421 1051 pariter
448 967 593 1032 oriuntur
619 967 723 1051 pietas
751 970 846 1049 atque
867 965 1023 1050 felicites;
1062 970 1150 1033 natu·

185 1052 267 1116 ralia
289 1055 364 1117 sunt
386 1053 471 1116 enim
494 1052 675 1115 animorum
690 1051 773 1115 bona
795 1053 827 1114 et
840 1052 986 1137 praemia
1003 1050 1150 1116 fatorum
1191 1092 1194 1097 -

147 1158 173 1199 10
186 1137 307 1221 gemini
335 1157 412 1220 ergo
438 1135 563 1199 natales
590 1135 660 1218 pias
687 1135 779 1198 uobis
807 1137 931 1199 mentes
960 1138 994 1199 et
1018 1136 1151 1220 impera·

185 1219 284 1283 turias
297 1220 438 1284 tribuere
451 1219 614 1302 fortunas3
630 1222 725 1302 atqua
739 1218 813 1282 inde
829 1219 1012 1283 sanctitatis
1027 1224 1151 1284 uestrae

186 1304 389 1386 omniumque
418 1325 620 1368 successuum
654 1306 766 1367 manat
796 1303 959 1367 exordium
988 1304 1074 1388 quod
1101 1324 1152 1369 na·

186 1391 313 1452 scentes
340 1408 398 1452 uos
426 1387 466 1451 ad
489 1409 562 1472 spes
583 1388 711 1472 generis
732 1388 865 1451 humani
888 1388 974 1451 bona
997 1388 1153 1453 sideraet

187 1472 291 1536 amica
312 1470 471 1556 uiderunt,
494 1494 574 1556 quae
589 1472 680 1537 uobis
700 1472 901 1536 concordiam
924 1474 1153 1557 sempiternam

149 1577 174 1618 rs
188 1560 221 1621 et
253 1559 432 1622 uestrorum
460 1578 614 1642 generum
648 1557 814 1620 caritatem
848 1560 880 1620 et
905 1556 1067 1622 fouendae
1097 1558 1153 1622 rei-

186 1641 333 1725 publicae
360 1642 466 1706 studia
493 1641 670 1706 conciliant
693 1641 832 1725 itemque
853 1644 981 1724 praeter
1004 1642 1154 1707 uictorias

186 1730 255 1790 toto
283 1727 360 1791 orbe
385 1730 543 1790 terrarum
576 1728 685 1809 partas
713 1725 810 1789 etiam
842 1726 972 1789 naualia
1000 1725 1154 1810 trophaea

186 1810 382 1893 promittunt
403 1814 440 1873 ut
460 1814 534 1892 post
552 1809 636 1873 bella
656 1809 795 1890 Punica,
818 1812 892 1893 post
913 1810 1010 1874 Asiae
1032 1808 1154 1895 Syriae

187 1914 249 1975 que
277 1915 370 1977 reges
393 1892 530 1957 Romani
558 1898 663 1956 rostra
684 1894 790 1976 campi
817 1893 911 1959 nouis
937 1894 1061 1959 ornetis
1084 1917 1155 1959 exu-

149 1975 248 2039 souiis
272 1979 304 2040 et
326 1976 443 2039 oblitos
465 1977 529 2041 iarn
552 1975 690 2051 Quirites
717 1978 752 2041 in
775 1978 961 2043 memoriam
985 1979 1154 2062 reducatis,

188 2081 244 2123 cur
265 2060 319 2124 ille
342 2061 504 2124 sollemnis
529 2060 735 2125 concionibus
751 2062 839 2127 locus
861 2065 966 2127 rostra
987 2064 1154 2129 uocitatur.

188 2143 259 2209 dico
288 2144 374 2209 enim
401 2165 520 2229 magna
548 2148 695 2231 certaque
723 2146 855 2211 fiducia:
892 2147 992 2232 digna
1020 2152 1072 2212 eet
1096 2148 1155 2213 hac

187 2249 312 2378 {piloque
335 2230 438 2314 gloria
458 2233 567 2294 uestra
588 2231 702 2314 pietas,
727 2239 758 2295 et
778 2234 885 2315 potest
907 2251 978 2296 eam
992 2236 1154 2316 praestare

203 2315 335 2380 sicitas.

187 2438 389 2447 -—..-...---.-.

255 2507 271 2554 4
289 2506 438 2556 addiscitur
450 2503 514 2553 Aw
526 2504 619 2555 Bert:
637 2503 771 2553 ediscitur
782 2502 803 2551 B
815 2505 832 2551 c
845 2505 868 2552 V
885 2502 1009 2553 adscitur
1021 2504 1082 2555 cdd.
1096 2510 1154 2555 uett.

189 2568 202 2635 ll
227 2573 379 2622 homnium
398 2587 489 2622 rerum
506 2573 538 2630 B,
558 2574 616 2622 edd.
640 2568 651 2636 ΙΙ
674 2573 690 2620 6
709 2570 848 2621 hominum
866 2572 1013 2622 Liuineius.-
1037 2572 1155 2622 omnium

187 2635 283 2701 111112
301 2640 420 2688 omnium
439 2652 510 2688 succ.
524 2639 557 2685 W
568 2636 578 2703 ΙΙ
592 2640 624 2688 13
641 2634 703 2704 uos]
723 2643 785 2688 tuos
802 2636 836 2701 01
854 2653 917 2702 spes
930 2638 1153 2704 Eyssenhardtm:

188 2718 255 2766 opes
273 2706 300 2751 li
318 2720 395 2768 opem
413 2706 471 2755 edd.
508 2707 540 2754 17
558 2710 652 2768 portas
663 2706 686 2753 A
698 2703 708 2770 ss
723 2707 754 2757 18
772 2705 876 2756 bellica
888 2706 911 2753 A
922 2704 933 2771 ΙΙ
946 2708 978 2756 19
996 2707 1102 2759 ornetis
1118 2717 1154 2754 v:

188 2773 269 2819 ornet
286 2770 330 2821 his
347 2773 375 2818 11
392 2770 467 2821 Bert.
494 2769 499 2835 Ι
519 2772 551 2820 21
571 2769 700 2822 solemnis
720 2774 737 2821 0
755 2785 793 2821 w:
812 2771 961 2824 sollemnes
978 2774 1001 2821 A
1018 2772 1152 2825 solemnes

188 2836 209 2884 B
228 2836 250 2883 V
266 2834 276 2901 [l
293 2839 326 2887 22
344 2838 397 2888 hac
414 2837 490 2888 Bert.
509 2851 546 2888 w:
564 2837 617 2891 hec
635 2836 739 2904 111113
758 2841 848 2904 pietas
867 2845 963 2892 uestra
980 2843 1040 2893 edd.
