2406 4012
1144 39 1197 200 ’1

176 208 220 273 90
433 209 469 259 ΙΙ.
505 206 559 258 CL.
578 206 788 258 MAMERTINI
806 205 886 257 PAN.
1186 201 1197 275 1

179 363 298 425 ctorem
319 362 359 438 et,
383 379 483 442 parua
498 360 576 421 tunc
591 356 667 420 iicet
681 356 779 440 regia,
803 376 928 419 summa
947 358 1062 420 tamen
1077 356 1154 421 reli·

178 446 274 530 gione
289 448 471 527 susceptum
486 442 612 506 futurae
627 440 805 505 maiestatis
820 439 943 505 dedisse
957 441 1151 525 primordia,

178 533 214 594 ut
229 550 297 593 esse
312 530 421 611 posset
441 526 552 591 domus
569 525 742 591 Caesarum
764 545 846 609 quae
861 523 1011 590 Herculis
1032 525 1153 591 fuisset

178 612 362 697 hospitium.
392 613 460 675 iure
482 611 583 695 igitur
604 608 664 674 hoo
686 609 737 673 die
759 630 822 694 quo
844 609 1034 674 immortalis
1060 614 1152 676 ortus

151 698 327 762 edominae
349 696 495 781 gentium
517 694 658 760 ciuitatis
685 697 791 758 uestra
818 694 939 778 pietate
967 694 1152 761 celebratur

177 782 239 845 tibi
260 782 471 865 potissimum,
501 780 676 863 imperator
701 779 833 862 inuicte,
861 778 971 843 laudes
1000 780 1151 845 canimus

179 869 211 930 11
232 866 353 952 gratias
376 866 511 951 agimus,
535 886 629 948 quem
652 863 826 928 similitudo
847 863 918 947 ipsa
938 864 981 927 sti
1022 865 1051 928 is
1075 867 1151 931 tuae

178 973 216 1015 ac
244 951 293 1014 uis
320 951 420 1015 tacita
447 953 580 1014 naturae
610 949 649 1014 ad
670 947 893 1012 honorandum
915 968 958 1012 na
1008 970 1061 1013 em
1085 948 1152 1015 Ro·

177 1057 249 1100 mae
276 1036 360 1099 diem
389 1039 456 1100 tam
484 1032 649 1098 liberalem
674 1032 755 1096 facit
779 1036 816 1097 ut
842 1033 954 1097 urbem
981 1033 1075 1098 illam
1104 1034 1150 1099 sic

139 1138 165 1178 10
179 1120 264 1185 colas
287 1118 460 1201 conditam,
484 1121 575 1202 quasi
597 1118 665 1201 ipse
688 1116 877 1182 condideris.
912 1138 1025 1183 reuera
1049 1118 1148 1205 enim,

178 1205 393 1268 sacratissime
424 1202 614 1286 imperator,
647 1203 760 1266 merito
795 1201 901 1286 quiuis
932 1205 964 1266 te
993 1205 1150 1288 tuumque

176 1287 455 1352 fratremRomani
466 1287 592 1370 imperii
607 1286 725 1351 dixerit
740 1287 936 1351 conditores:
953 1288 1031 1351 estis
1048 1290 1149 1371 enim,

178 1373 261 1456 quod
283 1376 332 1435 est
375 1372 542 1454 roximum,
564 1372 764 1436 restitutores
787 1375 831 1451 et,
861 1371 905 1435 sit
926 1371 1003 1436 licet
1024 1372 1081 1438 hic
1102 1372 1151 1439 illi

178 1457 250 1521 urbi
272 1394 390 1521 nataiis
412 1457 489 1538 dies,
513 1456 597 1539 quod
624 1456 765 1540 pertinet
786 1456 826 1519 ad
848 1456 1007 1540 originem
1034 1458 1150 1542 populi

139 1541 325 1690 1511111111,
350 1542 449 1605 uestri
471 1540 597 1624 imperii
620 1541 716 1623 primi
737 1541 802 1604 dies
822 1544 899 1605 sunt
920 1541 1086 1625 principes
1109 1540 1151 1607 ad

179 1629 326 1691 sautem.

233 1711 276 1776 II.
299 1711 403 1786 Quare
431 1710 459 1773 si
485 1730 571 1773 nunc
594 1708 714 1773 Romae
744 1730 854 1774 omnes
882 1710 1095 1794 magistratus
1117 1712 1150 1775 et

176 1796 344 1880 pontifices
367 1798 400 1860 et
422 1793 600 1858 sacerdotes
629 1793 717 1856 iuxta
745 1798 894 1877 parentes
916 1793 1005 1858 urbis
1027 1798 1063 1859 et
1085 1798 1149 1861 sta·

177 1885 264 1944 tores
284 1879 359 1943 deos
381 1877 529 1942 Herculis
551 1876 672 1960 templa
694 1882 897 1962 uenerantur,
922 1877 997 1976 quia
1041 1882 1149 1944 artam

137 1982 164 2021 ao
178 1962 348 2047 aliquando
382 1984 421 2027 ex
454 1962 589 2026 uictoria
622 1962 774 2045 praedam
808 1986 827 2029 a
859 1963 990 2027 flumme
1061 1963 1148 2029 'bero

178 2051 210 2111 11
232 2048 359 2111 conscio
381 2046 505 2111 occidui
534 2045 611 2111 solis
634 2067 753 2111 oceano
776 2048 816 2112 ad
838 2046 956 2131 pabula
978 2046 1148 2133 Tyrrhena

179 2131 369 2215 compulerit
391 2134 423 2197 et
445 2132 479 2195 in
501 2130 648 2196 Palatino
671 2132 746 2217 iugo
768 2141 904 2196 uenturo
926 2132 988 2196 tibi
1008 2132 1148 2219 relique-

176 2217 220 2281 rit
234 2217 387 2302 uestigia:
409 2220 531 2301 quanto
547 2216 679 2281 tandem
700 2217 806 2281 studio
827 2238 887 2281 nos
903 2215 955 2281 hio
979 2218 1145 2300 conuenit,

177 2303 231 2386 qui
253 2304 285 2367 11
307 2305 509 2386 praesentem
531 2303 693 2366 intuemur
714 2300 805 2365 deum
826 2304 894 2365 toto
917 2300 1046 2385 quidem
1069 2302 1146 2367 orbe

137 2403 164 2444 15
178 2388 342 2472 uictorem,
366 2388 421 2453 sed
436 2409 522 2452 nunc
539 2409 611 2452 cum
624 2386 761 2450 maxime
782 2386 817 2450 in
837 2386 948 2450 eadem
970 2385 1152 2453 occidentis·

176 2473 272 2557 plaga
304 2494 370 2537 non
402 2476 565 2556 pastorem
602 2471 688 2536 trino
724 2471 828 2554 capite
865 2470 1055 2556 deformem,
1091 2470 1146 2537 sed

176 2557 358 2642 prodigium
368 2556 469 2621 multo
479 2557 612 2620 taetrius
622 2555 866 2639 opprimentem,
883 2554 1034 2704 (pricquid
1051 2556 1144 2641 spiri·

176 2643 227 2703 tus
250 2644 282 2703 et
303 2642 390 2703 uocis
412 2640 596 2723 habeamus,
620 2660 713 2704 omne
728 2639 761 2703 id
783 2640 818 2704 in
838 2640 890 2705 lau
912 2640 983 2705 ibus
998 2639 1064 2705 tuis
1079 2662 1145 2705 non

177 2743 332 2806 occupare
354 2723 458 2802 modo,
482 2724 546 2805 sed,
570 2724 598 2786 si
619 2744 670 2787 res
693 2727 816 2808 poscat,
839 2724 1031 2789 absumere?
1060 2724 1144 2790 unde

136 2827 164 2866 eo
177 2807 277 2891 igitur
298 2805 428 2870 ordiar?
454 2808 709 2872 commemorabo
737 2809 888 2873 nimirum
917 2809 1041 2893 patriae
1068 2812 1142 2874 tuus

177 2891 211 2954 in
226 2891 457 2975 rempublicam
472 2891 608 2956 merita?
631 2892 702 2976 quis
718 2895 803 2957 enirn
824 2893 950 2957 dubitat
970 2894 1049 2976 quin
1063 2894 1143 2959 mul·

176 2976 219 3039 tis
242 2975 306 3040 iam
329 2976 480 3057 saeculis,
511 2998 549 3041 ex
577 2999 640 3062 quo
670 2978 755 3042 uires
782 2978 868 3042 illius
898 2977 938 3041 ad
960 2976 1143 3044 Romanum

176 3081 295 3125 nomen
310 3063 513 3144 accesserint,
537 3061 633 3126 Italia
653 3062 780 3146 quidem
795 3063 838 3128 sit
853 3062 1000 3147 gentium
1016 3063 1143 3127 domina

174 3145 298 3232 gloriae
321 3150 489 3231 uetustate,
513 3147 567 3211 sed
583 3146 751 3213 Pannonia
771 3146 911 3212 uirtute?
934 3168 977 3210 an
998 3146 1142 3211 diuinam

246 3340 258 3385 1
278 3337 345 3388 licet
363 3338 465 3386 tuneo
489 3334 499 3401 ΙΙ
523 3339 538 3388 8
558 3337 644 3388 tacite
662 3336 695 3384 W
718 3334 727 3400 ΙΙ
758 3339 789 3386 11
807 3338 928 3401 pertinet
946 3335 1036 3387 Bora:
1059 3334 1142 3402 parti·

177 3410 245 3453 neat
261 3405 390 3455 BGVW
407 3406 546 3469 pertinent
562 3407 597 3467 A;
623 3404 746 3454 Gruterus
763 3406 851 3454 induci
865 3406 952 3455 raalzcr't
977 3400 988 3468 ΙΙ
1015 3405 1049 3454 21
1066 3403 1143 3469 thyr-

177 3473 277 3520 reusA
292 3472 324 3520 W
342 3473 453 3522 thirena
470 3472 650 3537 BVtyrrena
668 3473 685 3518 c
706 3469 729 3587 pl
754 3473 787 3522 28
805 3471 936 3521 habemus
958 3472 1018 3526 edd.
1040 3468 1044 3535 1
1064 3486 1143 3523 omne

176 3538 205 3587 id
224 3542 254 3588 tu
273 3540 301 3588 in
319 3539 352 3587 W
375 3538 385 3604 ΙΙ
409 3541 441 3591 30
459 3539 690 3590 commemorabor
758 3536 768 3604 ΙΙ
798 3541 830 3591 32
850 3539 885 3589 ad
903 3556 948 3591 om.
967 3540 1001 3588 W
