2406 4012
206 219 266 284 158
522 219 569 272 vr.
599 216 751 269 monnau
767 217 849 267 rur.

204 373 297 435 tanta
318 389 415 452 opera
436 365 606 450 utcumque
632 387 733 449 aequo
756 365 864 429 animo
885 365 1048 449 tulerunt,
1075 367 1162 451 impe·

205 476 276 519 rare
299 454 417 518 desisse
439 472 613 535 numquam
633 449 846 515 crediderunt.
875 450 953 534 quid
976 452 1064 515 enim
1078 454 1161 535 pua·

204 540 280 621 tibi,
304 535 515 616 Maximiane,
538 536 647 599 Iouem
669 535 775 619 ipsum
798 534 1019 619 respondisse,
1044 557 1115 600 cum
1132 538 1163 601 tu

204 622 331 707 ingenti
354 621 462 684 auimo
485 621 605 684 diceres
629 619 746 702 ‘recipe
753 669 762 700 ,
791 617 954 702 Iuppiter,
982 620 1068 704 quod
1090 640 1161 685 oom-

180 705 379 771 amodasti'?
402 704 463 769 hcc
478 705 623 788 profecto
637 703 804 787 respondit
826 709 905 766 ‘non
926 708 1074 769 mutuum
1087 704 1162 769 istud

204 791 265 855 tibi
286 789 418 873 tradidi,
441 790 496 854 sed
519 792 699 872 aeternum3
730 808 798 852 non
818 788 955 872 recipio,
979 788 1036 852 sed
1058 794 1162 854 seruo’.

205 877 315 940 statim
337 875 437 960 igitur
459 879 496 938 ut
517 873 780 958 praecipitantem
803 872 1057 956 rempublicam
1077 872 1164 937 rofre

204 962 290 1025 nasti
323 963 355 1024 et
382 959 599 1043 gubernacula
630 956 792 1021 fluitantia
824 957 992 1040 recepisti,
1026 958 1164 1023 omnibus

206 1068 278 1130 spes
306 1045 419 1109 salutis
446 1044 560 1107 illuxit.
605 1062 739 1126 posuere
772 1041 877 1124 uenti,
915 1042 1030 1127 fugere
1062 1042 1164 1125 nubea

168 1150 193 1189 ιο
205 1131 321 1194 fluctus
349 1129 536 1193 resederunt
564 1130 596 1191 et
619 1127 699 1208 iam,
733 1125 836 1189 sicubi
858 1125 963 1191 adhuc
989 1126 1025 1190 in
1048 1126 1164 1213 longin-

205 1214 370 1297 quioribus
392 1212 485 1276 terris
508 1212 616 1294 aliqua
635 1210 825 1274 obuersatur
847 1210 1026 1276 obscuritas
1049 1214 1107 1276 aut
1123 1230 1164 1275 rc·

206 1298 315 1362 siduus
347 1296 505 1360 undarum
540 1295 651 1378 pulsus
683 1295 922 1379 immurmurat,
958 1316 1093 1361 necesse
1122 1296 1165 1361 acl

205 1386 315 1446 tamen
338 1380 379 1444 ad
400 1384 473 1444 tuos
495 1383 591 1444 nutus
614 1379 789 1444 dilucescat
810 1382 843 1442 et
865 1379 968 1445 sileat.

269 1464 358 1530 XIII.
411 1464 488 1528 Dixi
518 1485 575 1548 pro
609 1465 734 1528 ratione
762 1464 932 1548 temporis,
966 1461 1163 1529 sacratissimi

169 1567 194 1607 1⁵
207 1551 379 1635 principes,
407 1571 446 1614 ea
467 1571 547 1634 qaae
568 1549 603 1612 in
625 1549 717 1612 uobis
739 1549 890 1632 inuicem,
917 1551 954 1612 ut
975 1549 1097 1635 facitis,
1117 1546 1163 1613 ad·

206 1637 314 1700 mirari
343 1638 376 1700 et
403 1655 509 1699 amare
536 1633 669 1698 debetis.
717 1636 817 1697 restat
843 1636 880 1696 ut
906 1633 980 1717 ipsa
1008 1632 1067 1698 illa
1093 1650 1162 1717 quac

206 1720 381 1804 separatim
407 1720 446 1783 de
474 1718 646 1782 uirtutibus
676 1719 792 1782 uestris
818 1718 945 1782 locutus
973 1738 1060 1803 sum,
1092 1717 1161 1781 sicul

206 1805 281 1869 huic
302 1808 378 1868 uoto
400 1803 558 1888 congruit,
581 1803 616 1866 in
638 1803 793 1867 sermonis
815 1802 879 1867 fine
902 1802 1110 1887 coniungam.
1134 1798 1159 1863 di
1185 1804 1188 1809 '

206 1887 422 1952 immortales!
473 1889 594 1970 quanta
629 1886 777 1950 Romano
813 1887 948 1970 imperio
985 1883 1158 1965 renouastis,

168 1989 194 2027 20
207 1993 287 2054 quae
309 1971 383 2053 iam,
405 1975 442 2034 ut
458 1992 507 2034 res
523 1975 580 2052 est,
604 1974 766 2035 cesserant
784 1971 948 2036 uetustati.
978 1970 1157 2036 Maximiano

208 2058 338 2119 aeterno
373 2055 557 2138 imperatori
591 2053 825 2121 Constantinus
860 2056 1037 2139 imperator
1071 2072 1155 2119 noum

206 2139 760 2308 lllldltlalllaqulllplllll‘
776 2135 1153 2309 ,ltttltttttd

206 2312 300 2394 pibus
319 2310 468 2375 'affinitas
494 2311 557 2374 ista
582 2311 754 2394 coalescat,
782 2331 862 2393 quae
885 2331 1012 2394 semper
1033 2322 1152 2374 summor

168 2411 193 2452 25
205 2399 240 2461 in
262 2395 442 2480 republica
463 2395 548 2460 uiros
571 2396 610 2458 ad
630 2394 833 2458 concordiam
855 2415 893 2459 oo
916 2394 1029 2459 ulanit.
1057 2388 1151 2458 emin

208 2482 235 2546 si
257 2481 402 2565 quamuis
425 2479 614 2545 dissidentes
636 2479 776 2543 familias
797 2478 881 2543 Grac
925 2480 935 2542 i
958 2482 991 2543 et
1007 2474 1150 2544 Corneliae

206 2566 447 2629 matrimonium
474 2564 602 2629 reduxit
628 2564 663 2627 in
691 2564 845 2649 grabam,
879 2563 906 2627 si
931 2584 990 2647 pro
1014 2561 1086 2627 diuo
1102 2560 1149 2625 All·

206 2652 302 2731 gusto
315 2649 482 2713 Actiacam
496 2646 665 2711 uictoriam
679 2647 898 2713 tantummodo
913 2669 1015 2732 gener
1028 2645 1150 2733 Agrippa

208 2731 361 2794 confecit:
384 2730 460 2813 quid
482 2730 674 2813 sperandum
695 2736 753 2815 est,
777 2754 850 2797 cum
870 2733 1096 2816 sempiternam
1111 2744 1149 2823 pv
1180 2754 1186 2765 ·

169 2830 194 2870 ³0
207 2813 267 2878 tris
290 2835 327 2878 ac
341 2813 399 2877 filii
422 2813 589 2878 caritatem
610 2816 707 2880 etiam
723 2818 910 2900 nuptiarum
923 2817 1037 2882 foedus
1059 2816 1149 2903 οδω·

206 2897 313 2962 xerit?
354 2898 437 2982 quod
464 2899 490 2963 si
512 2898 547 2965 P.
571 2897 678 2984 Scipio
704 2902 823 2966 bellum
848 2901 1008 2966 Punicum
1035 2892 1152 2983 susccpll

207 2983 393 3049 adulescens
414 2985 519 3068 ipsum
541 2989 653 3069 postea
675 2989 882 3069 superaturus
896 2985 1151 3065 Hannibalem,⁸¹

206 3126 390 3135 -——·-———-
395 3127 410 3133 ..

276 3210 291 3258 7
308 3214 339 3259 ut
357 3208 479 3272 praecip.
497 3213 528 3258 ut
546 3223 627 3274 remp.
646 3207 719 3273 ΔΙΙὸ
737 3209 875 3259 fluitantia
894 3225 940 3260 om.
951 3211 986 3259 W
998 3206 1008 3273 ΙΙ
1023 3211 1055 3260 10
1072 3212 1097 3257 et
1112 3202 1153 3253 itm

205 3279 315 3340 scripsi:
329 3275 522 3326 etiamlIBert.
536 3280 564 3325 et
574 3279 632 3327 edd.
645 3274 656 3340 ΙΙ
670 3279 700 3325 ll
712 3274 828 3342 obscum]
840 3274 1036 3341 securitasWfl
1049 3277 1079 3326 13
1088 3270 1153 3339 adr?

207 3348 256 3394 aut
267 3344 294 3392 Η
305 3340 316 3408 ΙΙ
329 3346 361 3395 16
377 3343 427 3391 illa
439 3344 501 3405 ipsa
513 3345 533 3393 B
543 3344 565 3391 ll
577 3342 588 3408 ΙΙ
602 3346 632 3394 18
645 3345 779 3394 sermonis
791 3360 838 3395 om.
854 3344 929 3394 Bert.
941 3340 953 3409 ΙΙ
964 3346 997 3393 21
1012 3342 1155 3409 Imperator

208 3416 300 3461 eterno
309 3411 381 3460 Bcv
393 3409 403 3475 ΙΙ
415 3411 448 3459 22
459 3412 610 3462 crescentis
619 3411 667 3462 n
680 3408 690 3475 ll
702 3413 735 3461 23
747 3410 828 3461 illes
843 3412 847 3474 Ι
863 3412 1012 3462 senioriwz
1026 3392 1154 3462 soniorll
1186 3440 1190 3445 -

205 3477 318 3540 pietatis
324 3477 550 3543 impietatibus!
564 3477 570 3545 Ι
585 3479 882 3543 stirpibusposepietat.
888 3479 954 3540 AW,
959 3485 1020 3545 port
1026 3462 1156 3530 00⁸1]ss

206 3542 408 3608 conceaatur
426 3560 544 3597 summos
562 3548 640 3598 orac
657 3544 667 3611 l
684 3547 716 3596 26
734 3547 829 3612 graeci
841 3548 875 3595 W
893 3548 968 3612 greci
983 3548 1007 3597 Α
1025 3544 1099 3613 graci
1113 3530 1156 3590 Π
