2406 4012
271 44 346 99 Pno
363 45 643 99 sssrsussnms
661 47 799 105 scoms.
821 51 896 106 2—4.
1007 49 1070 114 119

99 194 378 281 magnificentiam
410 194 593 279 reformari,
637 195 750 261 deinde
782 219 845 281 qua
879 199 1003 263 ratione
1034 199 1069 263 id

99 280 204 366 possit
234 280 304 343 sine
334 281 465 362 sumptu
491 279 637 363 publico,
672 301 711 344 ex
737 281 911 366 largitione
939 284 1068 366 quidem

98 364 286 451 principum
307 363 533 448 maximorum,
564 363 619 428 sed
640 367 751 429 tamen
774 388 846 431 oum
867 366 973 449 aliquo
996 387 1067 431 meo

98 470 179 535 erga
224 448 342 512 atriam
364 446 471 511 studio
493 451 526 512 et
548 469 653 513 amore
674 449 854 533 procedere.

215 581 223 596 .
250 532 338 596 Ante
354 531 463 595 omnia
477 531 587 616 igilur,
609 533 659 597 uir
672 533 916 619 perfectissime,
939 534 1067 599 diuinae
1080 555 1093 596 ⁵

98 619 330 701 imperatorum
363 616 597 700 Caesarumque
629 621 814 682 nostrorum
846 618 1068 703 prouidentiae

97 701 324 786 singularique
338 700 374 763 in
388 721 447 765 nos
461 700 698 766 beniuolentiae
712 703 806 766 huius
822 724 946 788 quoque
961 704 1068 787 operis

97 789 137 852 ia
157 785 392 849 instauratione
414 786 590 868 parendum
614 789 677 869 est,
711 787 765 871 qui
788 786 950 851 ciuitatem
972 787 1068 852 istam

97 872 135 935 et
161 870 241 933 olim
268 869 411 933 fraterno
438 869 547 955 populi
572 869 710 934 Romani
738 870 868 935 nomine
896 872 1067 955 gloriatam

96 957 134 1019 et
160 957 241 1018 tunc
270 953 396 1017 demum
425 954 616 1050 grauissima
649 954 738 1019 clade
765 955 960 1038 perculsam,
995 976 1067 1019 eum
1080 974 1106 1013 ιο

97 1038 272 1103 latrocinio
301 1037 504 1122 Bagaud1cae
536 1038 720 1103 rebellionis
752 1040 882 1103 obsessa
914 1039 1069 1104 auxilium

96 1122 241 1189 Romani
262 1122 416 1206 principis
437 1122 529 1186 irrito
549 1128 694 1208 rogaret,
721 1145 789 1189 non
811 1123 913 1188 solum
934 1145 994 1208 pro
1016 1123 1068 1188 ad·

96 1207 274 1271 miratione
296 1207 490 1291 meritorum,
513 1207 568 1270 sed
591 1208 687 1272 etiam
709 1230 768 1291 pro
790 1209 995 1273 miseratione
1019 1229 1069 1273 ca·

95 1312 195 1355 suum
222 1291 368 1356 attollere
396 1313 434 1356 ac
455 1312 598 1356 recreare
623 1293 794 1358 uoluerunt
815 1294 982 1377 ipsamque
1004 1293 1067 1356 rui·

94 1397 214 1440 narum
243 1376 309 1439 eius
331 1375 587 1460 magnitudinem
609 1376 842 1441 immortalibus
864 1377 1067 1441 liberalitatis
1082 1392 1107 1433 1⁵

92 1480 178 1525 suae
213 1461 420 1525 monimentis
457 1460 589 1545 dignam
627 1461 866 1544 iudicauerunt,
904 1464 942 1524 ut
976 1463 1068 1525 tanto

95 1547 188 1609 esset
208 1544 364 1608 illustrior
378 1544 483 1629 gloria
506 1545 725 1609 restitutorum
740 1548 861 1628 quanto
883 1545 954 1628 ipsa
969 1543 1068 1607 moles

97 1628 314 1692 restitutionis
336 1629 517 1693 immanior.
556 1630 664 1712 itaque
686 1629 841 1693 maximas
862 1628 1015 1712 pecunias
1038 1630 1070 1691 et

98 1715 222 1795 totum,
251 1713 278 1776 si
306 1735 357 1776 res
384 1719 510 1798 poscat,
540 1714 709 1796 aerarium¹
726 1735 794 1779 non
816 1713 944 1797 templis
973 1711 1069 1776 modo

97 1818 138 1861 ao
160 1796 240 1861 locis
268 1798 404 1880 publicis
432 1797 630 1878 reficiundiS,
663 1799 717 1862 sed
740 1799 836 1862 etiam
857 1797 993 1883 priuatis
1016 1796 1069 1861 do·
1082 1815 1107 1855 ro

98 1880 208 1945 mibus
229 1881 408 1966 indulgent,
431 1904 491 1947 nec
506 1883 657 1967 pecunias
673 1883 779 1966 modo,
801 1882 970 1948 sedetiam
993 1881 1069 1946 arti-

98 1965 177 2029 fices
198 1967 430 2031 transmarinos
458 1970 491 2031 et
518 1988 557 2031 ex
579 1967 784 2052 amplissimis
808 1968 973 2031 ordinibus
996 1987 1068 2050 pro-

99 2050 281 2113 uinciarum
306 2050 428 2114 incolas
455 2073 555 2115 nouos
583 2054 616 2115 et
637 2052 913 2117 deuotissimarum
935 2051 1070 2114 hiberna

98 2133 282 2217 legionum,
309 2155 445 2217 quarum
466 2136 588 2200 inuicta
608 2136 726 2200 robora
747 2157 788 2199 ne
810 2136 846 2199 in
866 2134 918 2198 his
940 2132 1069 2216 quidem

99 2239 183 2302 quae
204 2240 291 2282 nune
314 2239 386 2283 cum
407 2221 545 2284 maxime
567 2223 685 2304 gerrmt
706 2220 799 2283 bellis
822 2219 1004 2301 requirunt,
1033 2219 1070 2278 ut
1082 2232 1108 2273 25

99 2302 276 2366 commodis
297 2303 416 2367 nostris
439 2304 543 2367 studio
566 2303 690 2387 gratiae
704 2303 872 2384 hospitalis
895 2301 1070 2397 operentur

98 2389 134 2450 et
155 2386 274 2451 resides
297 2408 396 2470 aquas
419 2390 451 2452 et
473 2408 574 2450 nouos
597 2408 706 2451 amnes
728 2386 829 2450 ueluti
853 2384 950 2448 aridrs
966 2383 1069 2447 fessae

98 2470 188 2535 urbis
213 2471 388 2536 uisceribus
410 2472 594 2535 infundant.

169 2762 314 2826 2quidem
332 2762 416 2812 ome
439 2759 449 2826 n
478 2762 701 2825 bcaesarquec
731 2757 741 2825 ΙΙ
772 2760 834 2810 lin
852 2775 902 2810 nce
922 2773 959 2809 w:
985 2773 1072 2809 annos

98 2828 127 2874 Ι
153 2824 158 2891 Ι
186 2843 294 2893 quoque
312 2841 349 2877 w:
375 2843 427 2893 quo
445 2831 473 2876 Ι
505 2827 514 2894 ΙΙ
546 2830 610 2879 8in
628 2830 733 2878 addidi:
757 2844 803 2879 om.
822 2830 849 2875 Η
874 2824 879 2891 Ι
908 2826 1072 2877 instauratio

99 2894 249 2946 referenda
267 2900 310 2947 est
330 2895 501 2946 Marklanduc
518 2898 554 2946 ad
571 2894 639 2945 Stat.
657 2897 714 2944 sila.
734 2895 752 2942 Ι
756 2895 782 2944 V
798 2896 822 2955 6,
841 2897 875 2944 65
892 2892 902 2958 ΙΙ
923 2896 939 2943 9
957 2892 1073 2944 Romani

98 2976 172 3012 nom.
191 2988 226 3000 -
244 2965 276 3013 12
295 2963 428 3029 principis
446 2979 493 3014 om.
513 2964 535 3011 V
551 2960 562 3028 ΙΙ
587 2964 617 3012 11
635 2960 814 3027 Bagaudicae
832 2961 939 3025 Lipsius
958 2966 983 3009 et
1001 2960 1073 3009 Liui·

97 3031 185 3080 umus:
204 3030 351 3081 batauieae
370 3032 396 3079 u
416 3027 426 3095 ΙΙ
449 3032 480 3081 12
498 3030 575 3081 irrito
593 3032 707 3094 rogaret
723 3030 819 3093 scripsi
835 3033 851 3082 l.
873 3031 889 3077 l.
907 3044 935 3092 p.
953 3029 1018 3075 21⁶.-
1036 3026 1072 3074 ir-

98 3103 213 3229 'lgii
230 3096 920 3228 tllllltllssltllllllll&„tlt-l
943 3092 1073 3226 'istst

98 3179 274 3284 lunera.-
292 3233 416 3299 prouine.
435 3233 490 3284 ord.
509 3203 604 3283 3⁰th
628 3228 638 3295 ΙΙ
662 3233 696 3281 24
712 3231 742 3280 iu
760 3247 806 3284 om.
824 3230 898 3281 Berl.
922 3200 934 3293 ll
958 3229 991 3278 25
1011 3243 1073 3278 cum

96 3299 159 3417 (ἔζη
163 3313 200 3417 pa
204 3299 304 3418 alna
299 3299 414 3366 resides]
431 3301 548 3352 reduces
567 3299 699 3350 Liuineius
716 3302 843 3350 recentes
864 3295 991 3348 Uenutius
1008 3293 1018 3362 11
1040 3297 1073 3348 28
