2406 4012
350 201 512 253 TRAIANO
530 203 565 254 D.
590 203 698 255 81—83.
959 203 998 266 ’Π

62 385 69 406 ι
81 350 237 417 ormiiate
252 350 316 413 ista
329 355 435 415 extero
450 349 558 413 saltim
571 350 705 414 flumina
720 352 888 434 carebant3
911 355 944 415 at
967 353 1000 416 ui

48 469 66 492 ι
81 467 84 490 ι
93 432 307 501 mDanuuius
322 432 500 499 ethenus
514 437 675 499 ostentum
687 435 778 500 illum
793 437 894 500 nostri
907 374 999 500 deie-

38 522 105 600 21'2
120 518 241 585 uehere
248 517 441 603 gaudebant,
453 539 519 582 non
532 519 654 583 minore
667 541 739 583 cum
746 520 867 604 pudore
875 521 1001 603 imperii

82 633 105 660 ιι
134 602 217 667 haec
231 602 396 667 Romanae
417 602 552 686 aquilae,
574 602 721 667 Romana
736 605 839 688 signa,
855 604 1001 669 Romana

46 755 48 758 Α
72 690 170 773 ι’ᾳιιε
187 686 270 785 ripa·
284 707 379 770 quarn
401 687 484 783 quod
504 686 643 751 hostium
665 689 760 786 turbo
773 692 1026 774 prospectaret,s

47 770 1001 940 5·111111111111111111111111111

89 973 95 996 ·-
109 940 336 1023 dinpiccstris
347 939 493 1021 lustrare,
507 941 647 1024 nauigiis
662 940 831 1025 nandoque
843 962 1000 1023 superare.

111 1044 188 1089 uero
209 1023 408 1088 leudauerim
428 1045 486 1106 per
503 1045 536 1088 se
553 1046 748 1108 magnopere
763 1025 913 1088 duritiam
935 1045 1000 1088 cor-

64 1139 69 1164 ·
111 1138 115 1164 ·.
142 1128 180 1173 ae
201 1106 409 1172 lacertorum:
432 1109 487 1172 sed
506 1109 535 1172 si
555 1107 606 1172 his
626 1109 762 1173 ualidior
781 1112 850 1173 toto
872 1130 1002 1191 corpore
1016 1132 1040 1171 ιο

34 1192 160 1257 ‘Nuus
175 1192 366 1275 imperitet,
393 1213 488 1275 quem
520 1214 588 1257 non
621 1194 769 1258 fortunae
802 1193 1002 1278 indulgentia

75 1276 169 1361 ssiat,
190 1297 259 1340 non
281 1277 390 1360 copiae
409 1277 604 1360 principales
627 1279 667 1342 ad
688 1279 858 1362 segnitiem
880 1279 1002 1342 luxum-

28 1377 97 1427 *oc
117 1360 337 1445 detorqueant,
366 1364 444 1424 tunc
467 1382 542 1445 ego,
571 1384 626 1426 seu
653 1362 816 1427 montibus
845 1385 900 1427 seu
921 1365 1003 1428 mari

26 1449 59 1500 Ἰἰι
72 1448 234 1526 matur,
268 1448 301 1508 et
332 1444 452 1508 laetum
485 1467 581 1528 opere
615 1468 729 1532 corpus
763 1452 795 1510 et
829 1450 1003 1512 crescentia

28 1543 48 1596 1
76 1559 111 1584 ιιι
127 1528 197 1593 'bns
228 1529 373 1592 membra
404 1529 554 1594 mirabor.
598 1532 690 1596 uideo
723 1533 808 1594 enim
837 1534 902 1594 iam
928 1531 1002 1594 inde
1016 1552 1040 1592 1⁵

25 1615 215 1699 iutrqmtus
249 1610 381 1677 meritos
416 1613 545 1678 dearum
585 1637 622 1679 ac
660 1616 753 1679 deum
786 1615 902 1678 liberos
940 1619 957 1655 'i
985 1615 1003 1652 '¹‘

25 1719 71 1754 te:
122 1696 282 1795 dignitate
308 1698 496 1781 nuptiarum
528 1699 633 1782 magis
668 1720 762 1782 quam
796 1697 847 1761 his
881 1699 1002 1762 artibus

14 1782 235 1847 'claruisse
284 1782 380 1845 simul
409 1783 515 1866 cogito
549 1783 638 1846 cuius
667 1785 732 1847 sint
759 1782 822 1846 ista
851 1782 943 1846 ludus
972 1787 1004 1846 et

52 1866 291 1931 nocumentum.
341 1865 437 1930 huius
469 1867 487 1904 ’¹‘
513 1866 530 1903 ’¹‘
562 1867 636 1931 illae
669 1866 770 1932 seriae
799 1869 832 1931 et
859 1867 1003 1932 intentae

10 1954 68 2037 eet
95 1972 117 2015 a
145 1948 259 2033 quibus
290 1971 324 2014 se
356 1951 392 2013 in
423 1950 488 2014 tale
522 1953 623 2016 otium
655 1951 779 2034 recipit.
819 1953 1003 2035 uoluptates
1017 1976 1041 2016 so

10 2038 112 2103 inunt
140 2032 242 2117 enim,
269 2034 465 2118 uoluptates,
495 2037 609 2119 quibus
638 2039 758 2120 optime
786 2037 825 2101 de
853 2039 1003 2136 cuiusque

10 2106 197 2205 §.grauitate
218 2120 390 2182 sanctitate
417 2121 630 2202 temperentia
659 2122 808 2187 creditur.
835 2144 911 2186 narn
933 2145 1003 2207 qurs

10 2202 116 2287 fiadeo
155 2202 326 2267 dissolutus
365 2205 454 2268 cuius
492 2225 558 2269 non
596 2206 860 2290 occupationibus
898 2206 1005 2289 aliqua

31 2286 160 2521 §sies
182 2286 361 2351 seueritatis
383 2287 544 2352 insideat?
576 2290 642 2353 otio
668 2291 844 2373 prodimur.
874 2312 915 2352 an
937 2310 1003 2353 non

10 2378 24 2451 1
108 2370 180 2455 'que
199 2371 363 2455 principes
385 2371 446 2436 hoc
460 2373 545 2436 idem
567 2377 692 2456 tempus
711 2374 747 2436 in
767 2373 870 2436 aleam
894 2375 1004 2454 stupra
1018 2391 1042 2430 n

48 2474 147 2519 uxum
161 2454 380 2536 conferebant,
403 2477 475 2520 cum
489 2457 645 2520 seriarum
659 2458 842 2520 laxamenta
858 2477 1004 2520 curarum

20 2538 189 2603 mitiorum
212 2540 417 2604 contentione
438 2540 647 2624 supplerent?

92 2622 275 2691 LXXXIII.
296 2623 405 2688 Habet
420 2623 481 2689 hoo
495 2625 624 2709 prinum
638 2645 758 2709 magna
772 2624 904 2689 fortuna
920 2627 1005 2710 quod

37 2706 123 2773 nihil
135 2710 269 2791 tectum,
292 2708 375 2772 nihil
394 2710 554 2774 occultum
575 2731 643 2775 esse
663 2709 801 2794 patitur:
823 2711 1005 2795 principum

106 2914 122 2961 1
139 2916 237 2964 extera
255 2928 317 2979 epo:
335 2929 382 2965 ona.
395 2912 442 2975 111
457 2916 537 2979 atqui
553 2918 663 2981 scripsi:
680 2924 763 2979 etque
775 2916 803 2963 1
815 2913 825 2981 l
838 2919 853 2966 2
868 2921 1006 2967 ostentum

38 2976 116 3029 illum
126 2994 187 3045 epe:
196 2980 418 3032 emtumilludl
429 2979 439 3046 ΙΙ
451 2984 468 3032 4
480 2982 600 3032 hcecW:
613 2984 666 3033 hae
675 2984 747 3031 BGV
760 2981 770 3047 ΙΙ
783 2983 892 3033 btnrbe
901 2985 1006 3034 addidi:

38 3047 1007 3182 1111111111·11111111111181111111111111

10 3242 14 3253 Ι
40 3182 136 3245 gunfis
147 3196 179 3247 ςτ
196 3132 310 3234 fortine
322 3133 494 3249 indirlgcntie
505 3188 539 3234 W
557 3154 686 3236 fortunio
698 3183 890 3250 indulgentiae
901 3185 922 3232 B
934 3186 952 3232 0
965 3186 987 3233 V
999 3182 1007 3249 l}

10 3260 17 3317 Ἰ
42 3248 74 3299 12
83 3248 212 3301 molliant
229 3252 248 3300 0
269 3249 280 3317 l
302 3254 334 3303 16
351 3267 404 3302 nec
421 3253 562 3303 natalibus
580 3254 713 3302 Liuineius
730 3267 782 3303 neo
799 3253 910 3318 generis
928 3267 1008 3316 prae-

40 3316 146 3369 stantia
160 3316 289 3369 danem
300 3321 400 3373 addunt
410 3318 421 3386 ΙΙ
434 3322 465 3371 18
479 3319 611 3371 claruisse
623 3333 648 3369 w
663 3317 668 3383 1
684 3320 762 3370 cuius
779 3321 887 3384 scripsi:
907 3334 967 3368 cnm
979 3320 1007 3367 1

10 3394 14 3399 '
42 3378 57 3451 ΙΙ
75 3384 108 3435 19
119 3387 307 3450 suppleuerim:
326 3386 441 3450 scilieet,
457 3388 535 3438 cuius
548 3402 636 3440 curae.
658 3390 732 3452 culpo
744 3388 825 3437 huius
838 3401 908 3451 quae
923 3402 1007 3451 quan-

41 3456 142 3517 taeque
152 3454 210 3503 sint
218 3453 344 3520 illseeqs.
357 3452 368 3520 ss
380 3458 413 3506 11
422 3455 544 3506 insideat
553 3470 583 3521 ςι
597 3454 793 3506 insidatnvw
801 3469 856 3506 non
866 3453 1005 3520 insidatcl

42 3532 78 3569 sn
89 3532 127 3569 v:
140 3524 171 3571 at
181 3522 210 3569 1
225 3520 236 3586 ΙΙ
254 3518 287 3573 28
298 3522 406 3588 prinum
420 3525 473 3585 (uel
481 3522 634 3588 proprium)
645 3523 842 3573 Riucrslrusiue:
856 3524 971 3587 primum
980 3524 1008 3571 11
