2406 4012
134 203 196 269 172
445 205 507 259 vn.
536 204 685 258 rucnarr
704 204 784 257 eru.

132 356 415 506 111131111ἓέ1
434 354 683 505 iiiiii?
699 355 1162 525 ἕῖξὲἷεὲίἇῖἒῗὲὲἑῗῗῗ

134 490 266 592 bellum,
276 525 369 590 ciuile
388 523 587 608 susciperet?
610 523 718 608 nullis,
741 528 778 589 ut
797 546 849 589 res
869 527 926 607 est,
949 524 1162 591 fortunae

133 610 317 675 muneribus
344 609 514 691 explentur
542 629 677 692 quorum
705 609 897 693 cupiditates
924 610 1009 674 ratio
1035 632 1119 675 nort

108 694 299 777 carminat,
331 696 426 776 atque
448 693 494 757 ite
522 714 576 758 ecs
598 692 734 758 felicitas
761 695 892 779 ingrata
918 694 1130 760 subterfluils

133 784 170 843 ut
192 799 316 863 semper
338 777 425 861 pleni
448 799 590 927 sperum,
613 778 707 842 uacui
729 778 984 864 commodorum,
1012 799 1111 864 prae-

134 863 279 928 sentibus
306 865 437 927 careant
485 885 538 927 um
560 863 670 928 futura
691 866 907 947 prospectant.
954 867 989 928 at
1017 866 1103 929 enim

134 947 278 1013 diuinum
299 947 390 1011 illum
410 948 515 1012 uirum
537 947 592 1031 qui
613 949 735 1031 primus
757 947 927 1031 imperium
950 951 984 1012 et
1004 949 1105 1032 parti-

135 1033 255 1117 cipauit
282 1035 315 1097 et
340 1032 450 1116 posuit
479 1031 604 1097 consilii
630 1035 663 1096 et
683 1032 762 1096 facti
790 1033 838 1096 sui
865 1053 934 1098 non
955 1034 1101 1116 poenitet

96 1133 194 1183 1⁰nec
216 1117 359 1182 amisisse
380 1138 415 1181 se
436 1119 529 1199 putat
550 1116 633 1201 quod
656 1120 770 1200 sponte
784 1118 1001 1200 transcripsit,
1024 1117 1099 1183 felix

134 1203 307 1285 beatusque
329 1222 404 1266 uere
428 1222 521 1283 quem
543 1204 651 1266 uestra
665 1205 830 1265 tantorum
844 1201 1029 1286 principum
1052 1224 1101 1266 co·

134 1286 207 1350 lunt
228 1285 378 1369 obsequia
399 1285 570 1369 priuatum.
601 1285 657 1350 sed
680 1288 712 1350 et
733 1286 787 1351 ille
808 1285 982 1371 multiiugo
1003 1286 1102 1351 fultus

134 1370 268 1453 imperio
292 1374 324 1433 et
345 1372 451 1433 uestro
467 1369 569 1434 laetus
584 1371 704 1455 tegitur
725 1371 920 1454 umbraculo,
942 1392 1024 1454 quos
1043 1372 1102 1436 scit

135 1476 175 1519 ex
196 1476 253 1520 sua
275 1454 375 1538 stirpe
397 1454 550 1537 creuisse,
581 1457 614 1519 et
634 1454 754 1540 glorias
775 1458 901 1519 uestras
928 1454 1012 1520 iuste
1041 1456 1102 1520 sibi

96 1551 121 1592 1⁶
134 1539 286 1605 uindicat.
315 1538 401 1603 hunc
423 1560 500 1624 ergo
523 1539 623 1623 illurn,
646 1540 700 1624 qui
722 1539 763 1603 ab
784 1540 855 1624 ipso
877 1539 986 1605 fuerat
1003 1540 1104 1605 frater

135 1624 284 1707 adscitus,
307 1624 421 1708 puduit
442 1624 572 1707 imitari,
595 1624 668 1688 huic
692 1623 783 1688 illum
805 1625 840 1688 in
855 1623 1032 1708 Capitolini
1054 1625 1102 1689 lo·

136 1709 184 1773 uis
206 1709 327 1806 templo
348 1710 470 1807 iurasse
491 1709 659 1793 poenituit.
688 1729 754 1773 non
775 1709 875 1773 miror
896 1709 982 1793 quod
1004 1710 1102 1775 etiam

134 1797 499 1974 geneerlperrleffirgppt.eS,
524 1878 617 1974 ficies,
646 1876 725 1942 haec
752 1877 865 1963 religio
887 1877 1031 1942 Palatini
1057 1900 1105 1944 sa·

97 1972 122 2013 2⁰
136 1981 231 2024 crarn
259 1960 375 2025 deuota
403 1960 635 2044 penetrahbus,
663 1966 700 2026 ut
727 1962 814 2027 lente
841 1965 874 2027 et
901 1966 1103 2046 cunctanter,

134 2044 200 2108 iem
222 2043 345 2108 scilicet
365 2065 437 2110 cum
459 2044 523 2109 illis
537 2044 616 2109 belli
632 2047 783 2129 consiliis,
804 2047 920 2112 itinere
940 2048 1103 2133 confecto,

136 2128 333 2211 consumptis
357 2128 457 2214 copiis
479 2130 683 2194 mansionum
705 2132 832 2216 nequis
855 2133 1009 2217 consequi
1032 2155 1104 2218 pos·

136 2217 185 2280 set
206 2213 379 2298 exercitus,
402 2218 535 2298 repente
556 2215 642 2278 intra
663 2217 802 2299 parietes
825 2216 1006 2282 consideret
1028 2240 1103 2316 pur·

156 2302 267 2366 uratus
290 2302 322 2365 et
344 2299 392 2365 bis
415 2299 593 2384 depositum
615 2300 710 2364 tertio
731 2305 901 2385 usurparet
921 2301 1103 2386 imponam,

96 2323 258 2451 ruituras
282 2384 322 2450 ad
337 2385 556 2451 sollicitandos
571 2385 726 2450 exercitus
749 2386 902 2470 mitteret,
925 2386 1024 2452 fidem
1046 2389 1105 2452 mi-

134 2469 228 2535 litum
258 2471 471 2554 praemiorum
506 2470 723 2536 ostentatione
755 2471 885 2535 turbare
911 2472 1102 2558 temptaret,

135 2576 245 2620 secure
270 2555 393 2620 scilicet
412 2578 527 2620 usurus
550 2556 689 2620 exercitu
718 2576 812 2640 quem
833 2555 965 2620 uenales
988 2578 1105 2623 manus

135 2637 253 2701 habere
275 2636 442 2702 docuisset.
488 2661 550 2721 quo
573 2639 702 2722 quidem
723 2639 809 2704 illius
833 2661 938 2704 errore
960 2640 1105 2707 declara·

135 2723 204 2784 tum
227 2722 284 2800 est,
307 2720 491 2803 imperator,
514 2727 653 2804 quantus
668 2727 701 2788 te
716 2724 854 2789 militum
868 2726 998 2789 tuorum
1014 2747 1105 2791 amor

96 2820 122 2860 cc
137 2802 408 2886 complecteretur,
431 2805 485 2888 qui
506 2806 539 2868 tc
561 2807 710 2873 omnibus
733 2809 826 2874 donis
849 2830 930 2893 quae
952 2808 1008 2874 ille
1030 2832 1105 2895 pro·

135 2887 274 2969 miserat,
298 2888 445 2953 omnibus
460 2887 618 2955 honorum
638 2892 852 2959 oblationibus
867 2894 1103 2991 praetulerunt

134 2991 207 3037 rara
229 2970 285 3036 illa
306 2972 408 3038 uirtus
431 2975 649 3042 continentiae
671 2978 727 3042 uix
748 3000 767 3043 a
788 3000 899 3062 paucis
922 2979 1105 3063 sapientiae

135 3057 404 3143 praeceptoribus,
432 3061 590 3126 ettamen
613 3062 794 3147 aliquando,
822 3065 948 3127 seruata
968 3067 1106 3149 propter

134 3198 267 3208 -0----.

203 3269 219 3317 3
232 3265 294 3316 tort.
309 3279 410 3315 muner.
423 3267 497 3317 AW:
511 3283 612 3318 muner.
626 3268 690 3318 fort.
702 3270 722 3317 Β
734 3269 782 3316 (lv
794 3267 804 3334 11
818 3271 849 3320 13
862 3270 967 3335 tegitur
980 3268 1106 3320 laetustl

136 3328 149 3397 11
170 3334 203 3382 14
220 3334 275 3384 sibi
292 3334 364 3384 iuste
383 3336 400 3382 0
437 3336 468 3384 lb
485 3331 576 3402 illum]
597 3350 658 3386 eum
669 3337 693 3385 Δ
701 3337 734 3384 W
749 3334 754 3399 Ι
770 3337 829 3402 ipso
846 3339 955 3401 scripsi:
973 3335 1024 3387 illo
1040 3338 1069 3386 1
1089 3334 1101 3402 11

135 3401 167 3449 lt
184 3399 256 3450 hunc
271 3400 347 3452 illum
363 3399 412 3465 W!
432 3403 463 3451 17
481 3402 577 3452 mirum
595 3405 654 3454 edd.
668 3401 724 3468 1120
741 3404 922 3468 penetrabilis
940 3401 1028 3471 enac
1046 3409 1104 3454 tur·

134 3467 215 3518 barat
227 3472 360 3534 emptaret
370 3470 394 3518 Δ
406 3471 529 3521 turbaret
541 3486 587 3524 cm.
600 3475 736 3536 emptaret
747 3473 781 3520 W
793 3469 803 3538 11
816 3474 848 3523 18
866 3487 920 3538 quo
933 3486 971 3521 w:
990 3471 1065 3539 quod
1074 3472 1103 3520 1

132 3530 149 3599 11
168 3535 202 3585 30
214 3534 260 3597 qui
277 3536 376 3586 e-teA
389 3533 442 3599 131
461 3535 606 3604 honorum]
625 3538 720 3589 horum
732 3538 832 3605 111133
850 3541 875 3591 si
892 3542 997 3593 addidi:
1015 3555 1063 3592 om.
1074 3541 1105 3588 Ι
