2406 4012
1126 39 1161 255 l

133 341 273 425 pessimo
287 340 433 425 principe
448 340 503 425 qui
517 337 739 435 praeteririqab
751 337 873 422 optimo
885 359 953 402 non
966 339 1112 421 poteret.

133 431 170 491 tu
193 426 279 491 olera
300 425 409 490 iudicii
430 424 478 488 tui
501 424 596 507 signa
623 423 753 503 misisti,
784 440 857 488 cnm
884 422 1111 506 proficiscenti

134 511 175 576 ed
202 511 377 575 exercitum
401 512 459 573 tuo
486 508 634 590 nomine,
668 511 726 571 tuo
753 505 875 572 honore
904 505 1041 572 cessisti.
1073 511 1112 573 tu

134 617 212 660 uoce
239 594 440 678 imperatoris
469 592 544 690 quid
579 591 715 656 sentires
749 592 874 657 locutus
908 591 1014 656 filium
1049 591 1113 677 illi⁷

108 680 229 744 enobis
251 681 433 763 parentem,
460 677 520 741 nbi
548 676 736 761 pontificem
764 677 940 741 maximum
968 676 1114 762 elegisti.

135 784 198 847 quo
221 762 339 827 maiore
361 762 477 828 fiducie
499 760 600 826 isdem
626 761 691 826 illis
718 763 802 826 uotis
838 782 918 845 quae
949 761 1021 847 ipse
1050 783 1112 846 pro

135 869 169 913 se
197 848 376 946 nuncupari
404 848 492 945 iubet
509 868 581 947 ’oro
615 849 647 911 et
681 845 843 944 obtestorp
871 846 898 910 si
926 845 1010 942 bene
1040 867 1112 911 rem

135 932 1114 1113 illiniuntursuscitarunt

96 1124 123 1165 10
135 1105 172 1167 ut
193 1102 384 1186 quandoque
406 1122 621 1166 successorem
637 1122 666 1164 e1
685 1101 810 1164 tribuas
830 1121 924 1185 quern
944 1102 1111 1184 genuerit,

136 1208 230 1270 quem
252 1187 439 1251 formauerit
472 1185 672 1268 similemque
701 1184 813 1249 fecerit
840 1183 1008 1269 adoptato,
1041 1189 1112 1268 eut,

136 1271 164 1335 si
191 1270 255 1334 hoc
282 1271 351 1335 fato
377 1273 532 1354 negetur,
560 1270 596 1333 in
625 1269 756 1334 coneilio
784 1270 828 1333 sis
857 1268 992 1354 eligenti
1014 1290 1109 1333 mon·

137 1358 218 1418 stres
241 1376 280 1418 ue
303 1354 443 1438 aliquem
465 1375 559 1437 quem
581 1354 725 1438 adoptari
744 1354 779 1418 in
801 1353 962 1438 Capitolio
983 1352 1110 1418 deceat.

192 1376 290 1505 XbV.
314 1437 426 1524 Uobis,
448 1441 555 1522 patres
579 1438 765 1523 conscripti,
795 1441 950 1521 quantum
972 1438 1111 1503 debeam

132 190 175 259 88
447 191 469 246 L
506 189 537 244 c.
558 190 674 241 Pnruu
692 187 773 243 Pau.

97 1523 274 1608 republicis
304 1524 400 1589 etiam
427 1523 633 1588 monimentis
661 1523 852 1588 continetur.
887 1544 946 1587 uos
968 1521 1054 1587 mihi
1076 1524 1112 1588 in

136 1609 304 1674 tribunatu
325 1609 450 1692 quietis,
473 1611 508 1673 in
529 1611 681 1691 praetura
699 1608 887 1690 modestiae,
909 1628 968 1672 uos
984 1607 1021 1671 in
1035 1608 1110 1672 istie

137 1694 250 1758 officiis
274 1694 370 1758 etiem
398 1715 479 1778 quae
508 1714 546 1757 ex
574 1691 687 1757 studiis
713 1693 833 1756 nostris
862 1692 947 1757 circa
969 1693 1113 1757 tuendos

76 1841 78 1845 ,
137 1779 239 1843 socios
261 1778 473 1843 iniunxeratis
500 1799 573 1841 oum
599 1778 675 1860 fidei
701 1780 771 1841 tum
798 1776 1000 1841 constantiae
1024 1778 1111 1841 anti·

137 1861 325 2009 qurssimum
357 1861 578 1926 testimonium
610 1860 828 1944 perhibuistis.
868 1882 926 1925 uos
958 1862 1109 1946 proxime

99 1967 124 2006 2⁰

160 1945 388 2009 estimationem
422 1945 607 2010 consulatus
639 1946 703 2009 mci
736 1945 787 2009 hie
820 1945 1113 2011 acclamationibus

138 2029 376 2112 approbauistie
403 2032 440 2094 ut
467 2029 655 2115 intellegam
682 2031 779 2095 etiam
801 2033 898 2113 atque
921 2029 1018 2095 etiam
1041 2032 1112 2097 eni·

136 2112 271 2177 tendum
291 2114 371 2178 mihi
386 2116 422 2178 ut
436 2113 522 2178 hune
543 2135 732 2178 consensum
753 2117 897 2179 uestrum
913 2114 1112 2198 complectar

138 2200 172 2263 et
192 2200 319 2263 teneam
342 2201 375 2263 et
395 2198 431 2263 in
452 2197 519 2263 dies
541 2220 687 2283 augeam.
724 2199 842 2263 etenim
870 2199 1002 2264 memini
1028 2201 1111 2265 tunc

137 2284 304 2349 uerissime
337 2283 487 2370 iudicari,
522 2283 675 2348 meruerit
707 2283 778 2367 quis
808 2283 964 2348 honorem
992 2305 1110 2369 necne,

98 2387 125 2429 is
138 2389 210 2443 cum
238 2369 370 2454 adeptus
399 2371 456 2434 est.
493 2389 550 2433 uos
578 2367 674 2433 modo
701 2368 809 2432 fauete
836 2367 911 2432 huic
939 2369 1112 2453 proposito

139 2457 173 2519 et
195 2454 330 2533 credite,
360 2454 387 2518 si
417 2476 510 2519 cursu
539 2453 675 2538 quodam
695 2455 867 2537 prouectus
889 2452 928 2517 ab
951 2452 1008 2518 illo
1031 2453 1111 2519 insi-

139 2539 319 2604 diosissime
341 2539 487 2622 principe
503 2542 677 2621 antequam
696 2536 899 2621 profiteretur
920 2537 1030 2602 odium
1054 2537 1111 2603 bo·

138 2644 269 2704 norum,
303 2625 471 2705 postquem
497 2622 658 2703 professus
686 2625 750 2704 est,
785 2620 929 2704 substiti3
961 2624 1000 2706 si,
1034 2643 1111 2687 cum

138 2705 280 2769 uiderem
303 2725 382 2787 quae
404 2704 445 2768 ad
472 2706 611 2769 honores
639 2707 829 2788 compendia
855 2708 1014 2791 paterent,
1037 2705 1113 2773 lon·

101 2801 127 2841 ³⁰
140 2789 213 2874 gius
235 2789 297 2852 iter
319 2789 433 2872 malui3
461 2790 489 2852 si
516 2789 609 2853 malis
636 2790 832 2874 temporibus
860 2793 946 2855 inter
967 2794 1112 2857 maestos

209 3047 222 3094 1
242 3044 388 3111 praeteriri
406 3060 435 3111 ςτ
454 3047 571 3110 perterri
589 3048 606 3094 c
624 3046 656 3095 W
673 3049 821 3113 perterreri
838 3049 858 3097 B
876 3049 899 3096 V
918 3047 923 3110 Ι
949 3052 1061 3113 poteret
1079 3062 1112 3114 ςε

139 3113 240 3178 poterit
262 3115 291 3162 Ι
312 3114 404 3178 potuit
426 3115 484 3167 edd,
517 3111 527 3179 ΙΙ
561 3116 593 3164 10
614 3121 646 3164 ut
668 3130 715 3165 om.
739 3115 760 3163 B
782 3116 805 3163 V
832 3112 844 3179 ll
871 3116 903 3164 12
927 3115 965 3166 sis
989 3115 1110 3181 eligenti

138 3183 218 3234 cdd:
236 3183 261 3231 ei
279 3181 421 3246 legentill
433 3181 487 3231 sibi
504 3181 608 3246 legenti
626 3196 650 3230 w
673 3180 683 3247 11
712 3185 743 3233 17
763 3197 835 3246 quae
854 3198 888 3232 ex
904 3185 1014 3248 scripsi:
1037 3198 1109 3248 quae

141 3253 169 3300 et
186 3265 201 3298 e
216 3250 243 3298 1
262 3248 264 3309 Ξ
285 3248 386 3300 officiis
404 3254 432 3298 et
449 3249 550 3299 studiis
568 3250 724 3314 nostrisque
744 3251 820 3299 eirca
833 3263 858 3299 w
876 3246 889 3316 Η
910 3253 941 3302 18
961 3266 1024 3301 curn
1042 3249 1109 3302 fidei

140 3322 197 3367 tum
215 3317 330 3368 Keilius:
356 3332 415 3366 cum
440 3321 496 3366 turn
521 3318 543 3365 V
564 3317 597 3366 W
618 3331 644 3367 m
667 3333 728 3367 eum
752 3323 782 3367 tu
803 3319 824 3366 B
846 3323 903 3368 tum
926 3332 987 3367 cum
1009 3332 1029 3367 u
1046 3333 1109 3368 eum

139 3389 266 3435 tamenr
289 3382 299 3449 ss
324 3386 526 3435 salunicae
550 3382 560 3448 ΙΙ
584 3385 747 3450 ἳθφιοάαω
767 3399 795 3450 g:
816 3385 953 3450 quondam
971 3385 998 3432 ll
1025 3385 1030 3451 Ι
1057 3381 1107 3452 ab]

140 3451 195 3567 subl
211 3449 370 3566 Giegr’pguevss
395 3453 427 3503 28
445 3453 470 3501 si
487 3453 549 3504 add.
566 3453 745 3503 Heumannus:
763 3467 809 3503 om.
823 3453 850 3501 1
874 3451 884 3518 ΙΙ
908 3455 941 3504 30
958 3452 1047 3503 malni
1062 3452 1110 3501 VI:

139 3533 184 3568 ma
198 3519 238 3568 uit
