2406 4012
207 208 267 272 108
503 210 554 260 111.
588 207 644 259 ca.
662 207 875 259 arancarum

206 358 396 441 similitudo,
429 378 551 442 quaene
573 357 672 421 etiarn
693 355 901 420 interuallum
921 359 1053 421 uacuae
1074 356 1178 421 uincit

206 445 322 508 aetatis
344 446 376 506 et
397 442 554 506 seniorem
573 441 730 505 iuniorem
753 462 793 505 ue
815 441 950 505 cantate
970 444 1088 504 mutua
1108 440 1177 505 red·

207 528 254 592 dit
277 527 439 610 aequales,
468 529 504 589 ut
526 526 590 588 iarn
611 524 690 587 illud
711 461 796 589 filso
818 524 940 589 dictum
963 525 1007 589 sit
1035 546 1106 589 non
1126 524 1176 589 de·

206 613 318 676 lectari
345 610 498 674 societate
524 631 630 672 rerum
657 609 721 672 nisi
748 631 840 692 pares
868 609 971 673 annis.
1015 608 1200 707 intelleqi·¹

180 715 277 758 smus
305 695 404 776 enim,
435 693 641 758 sacratissimi
669 693 848 777 principes,
878 694 1049 778 geminum
1076 693 1174 775 uobis,

206 779 351 862 quamuis
374 779 516 861 dispares
539 778 610 841 sitis
632 778 805 860 aetatibus,
834 779 942 842 inesse
965 798 1172 843 consensum:
1186 817 1200 833 --

206 884 309 947 neque
336 866 372 926 tu
393 862 442 927 illi
462 862 580 925 uideris
602 863 780 944 promptior
807 883 911 945 neque
932 862 994 926 tibi
1016 862 1076 927 ille
1103 884 1173 927 cun·

207 949 362 1032 etantior,
405 946 460 1011 sed
487 946 626 1010 inuicem
659 949 783 1010 uosmet
810 946 1000 1029 imitamini,
1037 947 1170 1011 inuicem

207 1035 332 1098 uestros
361 1032 519 1095 affectatis
549 1050 662 1094 annos.
707 1030 753 1094 sio
780 1052 837 1094 uos
868 1030 982 1115 geritis
1010 1031 1104 1115 quasi
1127 1030 1169 1095 iu·
1201 1047 1203 1054 ’

169 1119 313 1181 leniores
336 1118 436 1194 ambo,
460 1115 552 1178 ambo
575 1114 726 1183 seniores.
759 1117 873 1178 neuter
894 1114 968 1198 plus
990 1115 1061 1179 suis
1081 1114 1193 1185 mori,

207 1201 266 1264 bus
287 1200 390 1263 fauet:
414 1203 545 1282 uterque
568 1220 601 1262 se
623 1198 694 1262 uult
715 1198 776 1263 hoe
798 1220 867 1263 esse
889 1193 975 1282 quod
994 1198 1098 1264 frater
1117 1204 1165 1265 art

271 1283 361 1347 VIII.
403 1283 483 1346 Inde
503 1283 603 1367 igitur
624 1284 768 1366 proxime
789 1283 844 1347 ille
863 1284 997 1365 impetus
1018 1284 1165 1367 inpatiou
1191 1284 1194 1289 '

207 1368 254 1430 tia
281 1370 406 1430 uestrae
430 1367 560 1450 pietatis
582 1367 699 1450 irrupit
720 1389 782 1451 quo
808 1389 866 1431 uos
892 1367 985 1432 nulla
1007 1370 1164 1453 regionum

207 1452 443 1536 longinquitas,
470 1451 560 1515 nulla
581 1451 733 1533 iniquitas
755 1453 913 1535 locorum,
942 1452 1036 1517 nulla
1058 1456 1163 1535 tempr-

172 1536 303 1600 astatis
326 1536 479 1620 asperitas
501 1536 638 1599 retinere
661 1541 717 1600 aut
741 1537 858 1600 morari
878 1536 986 1619 potuit
1006 1535 1189 1621 quomiuur'

209 1621 250 1685 ad
266 1624 472 1704 conspectum
493 1620 594 1684 uestri
610 1620 838 1704 pernotaretis?
862 1642 966 1704 neque
988 1621 1079 1685 enim
1098 1616 1162 1685 illud

208 1707 390 1790 progressio
412 1705 476 1770 fuit
499 1727 559 1768 nec
581 1705 705 1769 itineris
729 1705 888 1769 confectio
912 1727 974 1770 neo
996 1706 1101 1770 solitis
1119 1702 1163 1769 ad·

209 1789 371 1853 minioulis
392 1811 450 1853 usa
464 1790 658 1872 properatio.
686 1789 761 1872 quid
784 1789 887 1853 simile
910 1790 1058 1855 concitus
1078 1806 1163 1873 equor

209 1876 264 1935 aut
290 1873 431 1936 ueliuola
463 1873 579 1935 nauis?
624 1873 751 1938 diuinus
784 1873 914 1957 quidam
946 1874 1090 1958 impetus
1113 1871 1165 1937 luit

171 1974 196 2012 ao
210 1975 271 2037 quo
293 1959 424 2037 repente
450 1955 485 2018 in
508 1955 642 2019 eundem
665 1957 770 2022 locum
798 1958 838 2021 ab
861 1961 995 2041 utroque
1024 1959 1103 2023 solis
1121 1954 1164 2021 ad·

209 2058 301 2101 uerso
322 2039 387 2102 fine
408 2037 557 2121 uenistis3
580 2039 668 2122 ipsos
690 2042 847 2124 siquidem
869 2064 948 2125 quos
968 2043 1165 2126 praemisera

208 2121 251 2185 tis
273 2122 404 2187 nuntios
424 2122 597 2206 reliquistis
618 2122 784 2207 ipsamque
807 2147 886 2210 quae
908 2148 966 2191 uos
989 2131 1110 2193 conata
1127 2128 1167 2191 ert

209 2209 397 2291 praeuenire
422 2207 541 2271 famam
562 2209 798 2292 praeuertistis,
826 2213 863 2274 ut
884 2211 1003 2294 absque
1023 2208 1167 2295 paucissi-

208 2293 269 2363 mis
306 2291 360 2376 qui
398 2291 489 2356 uobis
528 2292 661 2356 comites
699 2292 830 2358 haerere
864 2298 1044 2378 potuerunt
1082 2292 1168 2360 ceteri

169 2395 195 2435 25
209 2377 354 2441 homines
375 2376 510 2442 fortasse
531 2377 732 2459 crediderint,
760 2379 844 2462 quod
860 2379 993 2462 dignum
1017 2383 1070 2445 est
1084 2377 1169 2445 maie

210 2466 293 2526 state
325 2465 446 2543 uestra,
491 2463 605 2526 diurna
638 2463 730 2527 uobis
764 2466 797 2526 et
828 2467 987 2527 nocturna
1019 2462 1170 2531 cunicula

208 2550 342 2629 utraque
361 2547 472 2610 mundi
493 2547 616 2610 lumina
635 2547 862 2612 commodasse.
885 2548 940 2612 sed
954 2566 1170 2615 remoueamm

279 2781 292 2828 1
311 2793 414 2843 quaene
433 2781 562 2844 Hauptiue
580 2781 668 2836 Herm.
692 2784 720 2831 V
731 2802 759 2848 p.
779 2789 846 2836 314:
869 2802 940 2851 quae
958 2802 994 2837 ne
1013 2790 1042 2837 Ι
1066 2786 1078 2853 Ι
1101 2786 1171 2839 aiu·

209 2842 292 2912 nior]
304 2847 490 2910 minoremque
503 2848 606 2899 ABert.
622 2848 626 2914 Ι
642 2851 735 2901 reddit
748 2853 861 2918 equales
873 2867 908 2903 v:
920 2853 1028 2905 reddite
1039 2856 1138 2920 quales
1147 2853 1173 2902 1

211 2911 223 2977 ΙΙ
252 2915 269 2963 4
287 2914 421 2964 societate
441 2928 477 2964 w:
502 2916 665 2968 societatem
682 2919 710 2967 ii
732 2920 873 2971 delectare
896 2922 1062 2973 societatem
1084 2924 1141 2975 edd.
1166 2916 1171 2985 Ι

210 2981 289 3031 aunis
306 2983 414 3045 scripsi:
433 2998 519 3034 anuos
531 2984 559 3032 ii
570 2981 581 3050 ΙΙ
594 2988 608 3036 7
627 2985 679 3035 tibi
691 2985 751 3051 ille]
771 2994 802 3038 tu
818 2987 861 3038 illi
871 2990 904 3039 W
916 2986 955 3054 lss
972 2998 1086 3041 uosmet
1103 2992 1173 3057 ipror

208 3049 281 3104 ime
294 3046 304 3114 11
317 3051 332 3099 9
342 3051 440 3114 geritis
451 3053 559 3115 scr-ipsi:
572 3053 657 3104 certis
665 3055 693 3100 Η
704 3055 782 3104 sertia
792 3068 817 3103 w
828 3054 839 3121 ΙΙ
854 3058 885 3106 10
894 3054 1088 3109 aaronem:
1100 3054 1173 3111 m!

208 3117 289 3168 ambo
306 3118 427 3167 iuniores
445 3119 525 3169 ambo
544 3135 601 3170 sen.
613 3134 638 3169 w
653 3120 658 3184 Ι
672 3120 782 3185 neuter}
797 3139 831 3173 ne
843 3127 936 3189 uterq;
947 3122 994 3190 ΔΙ
1008 3128 1039 3175 12
1058 3125 1174 3193 impetu!

209 3186 312 3235 addidi:
331 3201 378 3236 om.
396 3185 424 3233 Η
443 3185 448 3247 Ι
467 3186 670 3250 impatientiam
688 3190 708 3238 B
727 3191 744 3237 0
763 3191 785 3238 V
803 3192 833 3240 in
850 3194 993 3256 presentia
1011 3206 1036 3241 v
1057 3190 1069 3259 Ι
1094 3196 1127 3245 lt
1142 3194 1174 3243 ir·

209 3253 284 3317 rupit
301 3255 319 3301 0
336 3252 386 3302 illa
403 3252 580 3317 impatientia
597 3271 624 3305 u.
642 3272 667 3320 p.
686 3257 776 3321 erupit
793 3261 851 3309 edd.
876 3258 881 3320 Ι
922 3275 957 3309 uo
974 3262 1087 3326 scripsi:
1106 3258 1175 3327 quod

209 3321 237 3366 Μ
258 3318 268 3383 ΙΙ
293 3322 325 3371 15
343 3324 392 3370 aut
409 3321 511 3370 morari
528 3338 573 3372 om.
593 3324 611 3370 0
635 3321 645 3388 ΙΙ
671 3325 700 3373 17
720 3323 849 3376 itinerum
862 3275 927 3391 ΨΙΙ
948 3328 981 3379 18
999 3329 1093 3379 simile
1113 3328 1174 3381 cra

207 3393 293 3436 teror:
310 3388 394 3437 simili
410 3385 458 3451 ΠΙ
478 3390 588 3439 eoncitu
606 3391 623 3439 0
643 3391 647 3449 Ι
667 3405 752 3454 equus
771 3394 940 3445 Arntzem'es:
959 3410 1045 3459 eques
1063 3396 1093 3447 Ι
1113 3396 1124 3463 Ι
1143 3396 1174 3445 22

208 3452 349 3517 ipsamque
358 3457 467 3518 scripsi:
480 3457 604 3519 ipsamH
616 3455 626 3522 ΙΙ
639 3459 672 3508 25
684 3456 895 3512 eredideruntrr
910 3462 915 3524 Ι
931 3462 1002 3526 qnod
1015 3463 1130 3527 dignum
1139 3476 1174 3513 v:

209 3520 308 3580 quaid
328 3521 439 3586 dignum
456 3524 479 3571 Δ
494 3524 514 3572 B
532 3524 554 3571 V
572 3524 689 3590 quodid
707 3525 781 3576 Bert.
800 3528 872 3594 quod
890 3530 931 3579 ita
949 3530 1063 3595 dignum
1081 3534 1101 3581 0
1117 3531 1175 3583 eid.
