<?xml version="1.0" encoding="UTF-8"?>
<!DOCTYPE html PUBLIC "-//W3C//DTD XHTML 1.0 Transitional//EN"
    "http://www.w3.org/TR/xhtml1/DTD/xhtml1-transitional.dtd">
<html xmlns="http://www.w3.org/1999/xhtml" xml:lang="en" lang="en">
 <head>
  <title>
</title>
<meta http-equiv="Content-Type" content="text/html;charset=utf-8" />
  <meta name='ocr-system' content='tesseract 3.04.00' />
  <meta name='ocr-capabilities' content='ocr_page ocr_carea ocr_par ocr_line ocrx_word'/>
</head>
<body>
  <div class='ocr_page' id='page_1' title='image "./xiipanegyricila01baehgoog_0322.png"; bbox 0 0 2394 3990; ppageno 0'>
   <div class='ocr_carea' id='block_1_1' title="bbox 259 171 1038 238">
    <p class='ocr_par' dir='ltr' id='par_1_1' title="bbox 259 171 1038 238">
     <span class='ocr_line' id='line_1_1' title="bbox 259 171 1038 238; baseline 0.012 -19"><span class='ocrx_word' id='word_1_1' title='bbox 259 171 470 224; x_wconf 85' lang='lat' dir='ltr'>THEODOSIO</span> <span class='ocrx_word' id='word_1_2' title='bbox 491 172 663 225; x_wconf 82' lang='lat' dir='ltr'>AUGUSTO</span> <span class='ocrx_word' id='word_1_3' title='bbox 682 173 716 224; x_wconf 90' lang='lat' dir='ltr'>D.</span> <span class='ocrx_word' id='word_1_4' title='bbox 739 177 845 225; x_wconf 81' lang='grc'>12-21,</span> <span class='ocrx_word' id='word_1_5' title='bbox 975 174 1038 238; x_wconf 71' lang='grc'>289</span> 
     </span>
    </p>
   </div>
   <div class='ocr_carea' id='block_1_2' title="bbox 62 321 1074 2854">
    <p class='ocr_par' dir='ltr' id='par_1_2' title="bbox 62 321 1074 2854">
     <span class='ocr_line' id='line_1_2' title="bbox 65 321 1036 405; baseline 0.003 -19"><span class='ocrx_word' id='word_1_6' title='bbox 65 323 198 405; x_wconf 88' lang='lat' dir='ltr'>eiusque</span> <span class='ocrx_word' id='word_1_7' title='bbox 220 321 412 403; x_wconf 74' lang='lat' dir='ltr'>inpatientia</span> <span class='ocrx_word' id='word_1_8' title='bbox 435 323 501 385; x_wconf 92' lang='lat' dir='ltr'>sint</span> <span class='ocrx_word' id='word_1_9' title='bbox 524 323 625 386; x_wconf 89' lang='lat' dir='ltr'>coacti</span> <span class='ocrx_word' id='word_1_10' title='bbox 647 326 722 405; x_wconf 88' lang='lat' dir='ltr'>post</span> <span class='ocrx_word' id='word_1_11' title='bbox 742 323 910 387; x_wconf 79' lang='lat' dir='ltr'>bellatores</span> <span class='ocrx_word' id='word_1_12' title='bbox 926 323 1036 389; x_wconf 81' lang='lat' dir='ltr'>Tullos</span> 
     </span>
     <span class='ocr_line' id='line_1_3' title="bbox 67 406 1036 492; baseline 0.001 -21"><span class='ocrx_word' id='word_1_13' title='bbox 67 406 255 488; x_wconf 79' lang='lat' dir='ltr'>Numaeque</span> <span class='ocrx_word' id='word_1_14' title='bbox 278 406 436 469; x_wconf 88' lang='lat' dir='ltr'>sacrificos</span> <span class='ocrx_word' id='word_1_15' title='bbox 464 409 496 469; x_wconf 89' lang='lat' dir='ltr'>et</span> <span class='ocrx_word' id='word_1_16' title='bbox 517 406 671 471; x_wconf 86' lang='lat' dir='ltr'>Romulos</span> <span class='ocrx_word' id='word_1_17' title='bbox 698 407 877 472; x_wconf 89' lang='lat' dir='ltr'>conditores</span> <span class='ocrx_word' id='word_1_18' title='bbox 899 429 1036 492; x_wconf 82' lang='lat' dir='ltr'>regnum</span> 
     </span>
     <span class='ocr_line' id='line_1_4' title="bbox 66 490 1036 575; baseline 0.001 -21"><span class='ocrx_word' id='word_1_19' title='bbox 66 512 166 575; x_wconf 90' lang='lat' dir='ltr'>usque</span> <span class='ocrx_word' id='word_1_20' title='bbox 196 490 237 553; x_wconf 91' lang='lat' dir='ltr'>ad</span> <span class='ocrx_word' id='word_1_21' title='bbox 261 510 378 553; x_wconf 90' lang='lat' dir='ltr'>nomen</span> <span class='ocrx_word' id='word_1_22' title='bbox 402 490 516 554; x_wconf 89' lang='lat' dir='ltr'>odisse.</span> <span class='ocrx_word' id='word_1_23' title='bbox 562 491 697 574; x_wconf 89' lang='lat' dir='ltr'>denique</span> <span class='ocrx_word' id='word_1_24' title='bbox 718 493 822 574; x_wconf 89' lang='lat' dir='ltr'>ipsum</span> <span class='ocrx_word' id='word_1_25' title='bbox 844 493 936 555; x_wconf 90' lang='lat' dir='ltr'>illum</span> <span class='ocrx_word' id='word_1_26' title='bbox 959 492 1036 556; x_wconf 87' lang='lat' dir='ltr'>Tar-</span> 
     </span>
     <span class='ocr_line' id='line_1_5' title="bbox 66 574 1035 723; baseline 0.003 -85"><span class='ocrx_word' id='word_1_27' title='bbox 66 576 214 723; x_wconf 64' lang='lat' dir='ltr'>ppinium</span> <span class='ocrx_word' id='word_1_28' title='bbox 241 574 440 638; x_wconf 81' lang='lat' dir='ltr'>execratione</span> <span class='ocrx_word' id='word_1_29' title='bbox 459 578 621 658; x_wconf 87' lang='lat' dir='ltr'>postrema</span> <span class='ocrx_word' id='word_1_30' title='bbox 641 575 701 640; x_wconf 90' lang='lat' dir='ltr'>hoo</span> <span class='ocrx_word' id='word_1_31' title='bbox 724 577 915 642; x_wconf 89' lang='lat' dir='ltr'>damnauere</span> <span class='ocrx_word' id='word_1_32' title='bbox 940 577 1035 641; x_wconf 89' lang='lat' dir='ltr'>male·</span> 
     </span>
     <span class='ocr_line' id='line_1_6' title="bbox 90 657 1062 745; baseline 0.003 -23"><span class='ocrx_word' id='word_1_33' title='bbox 90 660 152 722; x_wconf 81' lang='lat' dir='ltr'>&#39;cto</span> <span class='ocrx_word' id='word_1_34' title='bbox 188 661 228 721; x_wconf 86' lang='lat' dir='ltr'>ut</span> <span class='ocrx_word' id='word_1_35' title='bbox 263 657 423 721; x_wconf 86' lang='lat' dir='ltr'>hominem</span> <span class='ocrx_word' id='word_1_36' title='bbox 461 659 593 723; x_wconf 90' lang='lat' dir='ltr'>libidine</span> <span class='ocrx_word' id='word_1_37' title='bbox 630 661 854 745; x_wconf 87' lang='lat' dir='ltr'>praecipitem,</span> <span class='ocrx_word' id='word_1_38' title='bbox 898 663 1062 725; x_wconf 68' lang='lat' dir='ltr'>auaritiae</span> 
     </span>
     <span class='ocr_line' id='line_1_7' title="bbox 68 742 1034 825; baseline 0.002 -17"><span class='ocrx_word' id='word_1_39' title='bbox 68 765 215 823; x_wconf 87' lang='lat' dir='ltr'>caecum,</span> <span class='ocrx_word' id='word_1_40' title='bbox 240 742 413 806; x_wconf 92' lang='lat' dir='ltr'>immanem</span> <span class='ocrx_word' id='word_1_41' title='bbox 437 743 640 825; x_wconf 88' lang='lat' dir='ltr'>crudelitate,</span> <span class='ocrx_word' id='word_1_42' title='bbox 664 745 769 808; x_wconf 85' lang='lat' dir='ltr'>furore</span> <span class='ocrx_word' id='word_1_43' title='bbox 791 747 958 810; x_wconf 87' lang='lat' dir='ltr'>uecordem</span> <span class='ocrx_word' id='word_1_44' title='bbox 982 768 1034 810; x_wconf 87' lang='lat' dir='ltr'>uo·</span> 
     </span>
     <span class='ocr_line' id='line_1_8' title="bbox 66 826 1035 912; baseline 0.002 -20"><span class='ocrx_word' id='word_1_45' title='bbox 66 828 213 893; x_wconf 88' lang='lat' dir='ltr'>cauerint</span> <span class='ocrx_word' id='word_1_46' title='bbox 241 826 428 912; x_wconf 72' lang='lat' dir='ltr'>superbum,</span> <span class='ocrx_word' id='word_1_47' title='bbox 466 832 499 891; x_wconf 94' lang='lat' dir='ltr'>et</span> <span class='ocrx_word' id='word_1_48' title='bbox 525 831 721 910; x_wconf 89' lang='lat' dir='ltr'>putauerunt</span> <span class='ocrx_word' id='word_1_49' title='bbox 754 830 899 894; x_wconf 88' lang='lat' dir='ltr'>sufficere</span> <span class='ocrx_word' id='word_1_50' title='bbox 928 833 1035 894; x_wconf 89' lang='lat' dir='ltr'>conui-</span> 
     </span>
     <span class='ocr_line' id='line_1_9' title="bbox 68 910 1035 995; baseline 0.001 -19"><span class='ocrx_word' id='word_1_51' title='bbox 68 912 161 977; x_wconf 84' lang='lat' dir='ltr'>cium.</span> <span class='ocrx_word' id='word_1_52' title='bbox 191 910 278 995; x_wconf 90' lang='lat' dir='ltr'>quod</span> <span class='ocrx_word' id='word_1_53' title='bbox 299 913 403 994; x_wconf 87' lang='lat' dir='ltr'>siper</span> <span class='ocrx_word' id='word_1_54' title='bbox 424 934 530 975; x_wconf 90' lang='lat' dir='ltr'>rerum</span> <span class='ocrx_word' id='word_1_55' title='bbox 551 916 697 976; x_wconf 90' lang='lat' dir='ltr'>naturam</span> <span class='ocrx_word' id='word_1_56' title='bbox 715 912 825 976; x_wconf 87' lang='lat' dir='ltr'>liceret</span> <span class='ocrx_word' id='word_1_57' title='bbox 846 918 882 976; x_wconf 89' lang='lat' dir='ltr'>ut</span> <span class='ocrx_word' id='word_1_58' title='bbox 903 914 957 977; x_wconf 89' lang='lat' dir='ltr'>ille</span> <span class='ocrx_word' id='word_1_59' title='bbox 973 914 1035 977; x_wconf 90' lang='lat' dir='ltr'>Ro-</span> 
     </span>
     <span class='ocr_line' id='line_1_10' title="bbox 66 996 1033 1081; baseline 0 -21"><span class='ocrx_word' id='word_1_60' title='bbox 66 1018 180 1061; x_wconf 88' lang='lat' dir='ltr'>manae</span> <span class='ocrx_word' id='word_1_61' title='bbox 204 996 362 1059; x_wconf 86' lang='lat' dir='ltr'>libertatis</span> <span class='ocrx_word' id='word_1_62' title='bbox 384 1001 531 1079; x_wconf 84' lang='lat' dir='ltr'>assertor,</span> <span class='ocrx_word' id='word_1_63' title='bbox 554 997 635 1081; x_wconf 85' lang='lat' dir='ltr'>regii</span> <span class='ocrx_word' id='word_1_64' title='bbox 656 997 796 1061; x_wconf 90' lang='lat' dir='ltr'>nominis</span> <span class='ocrx_word' id='word_1_65' title='bbox 812 997 931 1061; x_wconf 89' lang='lat' dir='ltr'>Brutus</span> <span class='ocrx_word' id='word_1_66' title='bbox 954 1018 1033 1080; x_wconf 92' lang='lat' dir='ltr'>osor,</span> 
     </span>
     <span class='ocr_line' id='line_1_11' title="bbox 65 1079 1074 1165; baseline 0 -20"><span class='ocrx_word' id='word_1_67' title='bbox 65 1081 228 1165; x_wconf 82' lang='lat' dir='ltr'>precariae</span> <span class='ocrx_word' id='word_1_68' title='bbox 264 1079 405 1143; x_wconf 87' lang='lat' dir='ltr'>redditus</span> <span class='ocrx_word' id='word_1_69' title='bbox 441 1081 527 1143; x_wconf 88' lang='lat' dir='ltr'>uitae</span> <span class='ocrx_word' id='word_1_70' title='bbox 564 1081 726 1145; x_wconf 87' lang='lat' dir='ltr'>saeculum</span> <span class='ocrx_word' id='word_1_71' title='bbox 762 1085 853 1144; x_wconf 87' lang='lat' dir='ltr'>tuum</span> <span class='ocrx_word' id='word_1_72' title='bbox 891 1087 1035 1145; x_wconf 90' lang='lat' dir='ltr'>cerneret</span> <span class='ocrx_word' id='word_1_73' title='bbox 1048 1102 1074 1140; x_wconf 82' lang='grc' dir='ltr'>ιο</span> 
     </span>
     <span class='ocr_line' id='line_1_12' title="bbox 65 1164 1035 1247; baseline 0 -17"><span class='ocrx_word' id='word_1_74' title='bbox 65 1166 180 1230; x_wconf 66' lang='lat' dir='ltr'>madiis</span> <span class='ocrx_word' id='word_1_75' title='bbox 203 1164 331 1228; x_wconf 90' lang='lat' dir='ltr'>uirtutis</span> <span class='ocrx_word' id='word_1_76' title='bbox 354 1165 567 1247; x_wconf 87' lang='lat' dir='ltr'>parsimoniae</span> <span class='ocrx_word' id='word_1_77' title='bbox 589 1166 797 1229; x_wconf 86' lang='lat' dir='ltr'>humanitatis</span> <span class='ocrx_word' id='word_1_78' title='bbox 819 1166 975 1230; x_wconf 89' lang='lat' dir='ltr'>imbutum</span> <span class='ocrx_word' id='word_1_79' title='bbox 998 1188 1035 1230; x_wconf 87' lang='lat' dir='ltr'>aa</span> 
     </span>
     <span class='ocr_line' id='line_1_13' title="bbox 65 1249 1033 1335; baseline 0.002 -23"><span class='ocrx_word' id='word_1_80' title='bbox 65 1251 239 1331; x_wconf 87' lang='lat' dir='ltr'>refertum,</span> <span class='ocrx_word' id='word_1_81' title='bbox 263 1249 387 1312; x_wconf 90' lang='lat' dir='ltr'>nullum</span> <span class='ocrx_word' id='word_1_82' title='bbox 409 1252 477 1313; x_wconf 92' lang='lat' dir='ltr'>toto</span> <span class='ocrx_word' id='word_1_83' title='bbox 500 1249 575 1314; x_wconf 91' lang='lat' dir='ltr'>orbe</span> <span class='ocrx_word' id='word_1_84' title='bbox 597 1253 753 1315; x_wconf 90' lang='lat' dir='ltr'>terrarum</span> <span class='ocrx_word' id='word_1_85' title='bbox 775 1251 942 1335; x_wconf 85' lang='lat' dir='ltr'>superbiae</span> <span class='ocrx_word' id='word_1_86' title='bbox 965 1251 1033 1316; x_wconf 91' lang='lat' dir='ltr'>libi-</span> 
     </span>
     <span class='ocr_line' id='line_1_14' title="bbox 66 1333 1033 1420; baseline 0.003 -23"><span class='ocrx_word' id='word_1_87' title='bbox 66 1334 150 1399; x_wconf 86' lang='lat' dir='ltr'>dinis</span> <span class='ocrx_word' id='word_1_88' title='bbox 181 1333 381 1397; x_wconf 85' lang='lat' dir='ltr'>crudelitatis</span> <span class='ocrx_word' id='word_1_89' title='bbox 411 1336 519 1396; x_wconf 85' lang='lat' dir='ltr'>extare</span> <span class='ocrx_word' id='word_1_90' title='bbox 548 1336 734 1420; x_wconf 82' lang='lat' dir='ltr'>uestigium,</span> <span class='ocrx_word' id='word_1_91' title='bbox 775 1337 839 1399; x_wconf 90' lang='lat' dir='ltr'>iam</span> <span class='ocrx_word' id='word_1_92' title='bbox 867 1340 899 1400; x_wconf 89' lang='lat' dir='ltr'>te</span> <span class='ocrx_word' id='word_1_93' title='bbox 928 1338 1033 1420; x_wconf 84' lang='lat' dir='ltr'>ipsum</span> 
     </span>
     <span class='ocr_line' id='line_1_15' title="bbox 65 1418 1033 1504; baseline 0.002 -22"><span class='ocrx_word' id='word_1_94' title='bbox 65 1439 129 1501; x_wconf 89' lang='lat' dir='ltr'>qua</span> <span class='ocrx_word' id='word_1_95' title='bbox 148 1418 276 1502; x_wconf 87' lang='lat' dir='ltr'>publice</span> <span class='ocrx_word' id='word_1_96' title='bbox 299 1439 362 1500; x_wconf 91' lang='lat' dir='ltr'>qua</span> <span class='ocrx_word' id='word_1_97' title='bbox 380 1418 532 1500; x_wconf 87' lang='lat' dir='ltr'>priuatim</span> <span class='ocrx_word' id='word_1_98' title='bbox 556 1419 700 1504; x_wconf 79' lang='lat' dir='ltr'>[uideret]</span> <span class='ocrx_word' id='word_1_99' title='bbox 721 1421 899 1503; x_wconf 87' lang='lat' dir='ltr'>priscorum</span> <span class='ocrx_word' id='word_1_100' title='bbox 916 1421 1033 1484; x_wconf 89' lang='lat' dir='ltr'>duritia</span> 
     </span>
     <span class='ocr_line' id='line_1_16' title="bbox 67 1502 1071 1585; baseline 0.003 -21"><span class='ocrx_word' id='word_1_101' title='bbox 67 1504 194 1585; x_wconf 90' lang='lat' dir='ltr'>ducum,</span> <span class='ocrx_word' id='word_1_102' title='bbox 219 1502 367 1565; x_wconf 86' lang='lat' dir='ltr'>castitate</span> <span class='ocrx_word' id='word_1_103' title='bbox 389 1502 589 1585; x_wconf 86' lang='lat' dir='ltr'>pontificum,</span> <span class='ocrx_word' id='word_1_104' title='bbox 616 1503 782 1567; x_wconf 89' lang='lat' dir='ltr'>consulum</span> <span class='ocrx_word' id='word_1_105' title='bbox 804 1505 1031 1585; x_wconf 82' lang='lat' dir='ltr'>moderatione,</span> <span class='ocrx_word' id='word_1_106' title='bbox 1048 1522 1071 1562; x_wconf 81' lang='lat'>15</span> 
     </span>
     <span class='ocr_line' id='line_1_17' title="bbox 64 1586 1032 1669; baseline 0.001 -20"><span class='ocrx_word' id='word_1_107' title='bbox 64 1588 240 1668; x_wconf 85' lang='lat' dir='ltr'>petitorum</span> <span class='ocrx_word' id='word_1_108' title='bbox 262 1586 411 1650; x_wconf 87' lang='lat' dir='ltr'>comitate</span> <span class='ocrx_word' id='word_1_109' title='bbox 433 1587 613 1650; x_wconf 88' lang='lat' dir='ltr'>uiuentem:</span> <span class='ocrx_word' id='word_1_110' title='bbox 636 1590 773 1650; x_wconf 89' lang='lat' dir='ltr'>mutaret</span> <span class='ocrx_word' id='word_1_111' title='bbox 794 1587 939 1669; x_wconf 86' lang='lat' dir='ltr'>profecto</span> <span class='ocrx_word' id='word_1_112' title='bbox 963 1608 1032 1650; x_wconf 90' lang='lat' dir='ltr'>sen·</span> 
     </span>
     <span class='ocr_line' id='line_1_18' title="bbox 64 1670 1033 1755; baseline -0.001 -21"><span class='ocrx_word' id='word_1_113' title='bbox 64 1671 203 1735; x_wconf 85' lang='lat' dir='ltr'>tentiam</span> <span class='ocrx_word' id='word_1_114' title='bbox 225 1673 317 1735; x_wconf 85' lang='lat' dir='ltr'>tanto</span> <span class='ocrx_word' id='word_1_115' title='bbox 339 1673 414 1753; x_wconf 92' lang='lat' dir='ltr'>post</span> <span class='ocrx_word' id='word_1_116' title='bbox 441 1692 532 1734; x_wconf 90' lang='lat' dir='ltr'>suam</span> <span class='ocrx_word' id='word_1_117' title='bbox 555 1674 603 1751; x_wconf 92' lang='lat' dir='ltr'>et,</span> <span class='ocrx_word' id='word_1_118' title='bbox 616 1722 619 1729; x_wconf 95' lang='lat'><em>.</em></span> <span class='ocrx_word' id='word_1_119' title='bbox 633 1692 704 1734; x_wconf 90' lang='lat' dir='ltr'>oum</span> <span class='ocrx_word' id='word_1_120' title='bbox 726 1670 906 1734; x_wconf 85' lang='lat' dir='ltr'>Romanam</span> <span class='ocrx_word' id='word_1_121' title='bbox 929 1670 1033 1755; x_wconf 87' lang='lat' dir='ltr'>digni-</span> 
     </span>
     <span class='ocr_line' id='line_1_19' title="bbox 63 1754 1032 1838; baseline 0 -19"><span class='ocrx_word' id='word_1_122' title='bbox 63 1758 166 1819; x_wconf 89' lang='lat' dir='ltr'>tatem</span> <span class='ocrx_word' id='word_1_123' title='bbox 189 1776 227 1818; x_wconf 89' lang='lat' dir='ltr'>ao</span> <span class='ocrx_word' id='word_1_124' title='bbox 248 1755 428 1820; x_wconf 87' lang='lat' dir='ltr'>libertatem</span> <span class='ocrx_word' id='word_1_125' title='bbox 444 1754 595 1838; x_wconf 89' lang='lat' dir='ltr'>probaret</span> <span class='ocrx_word' id='word_1_126' title='bbox 617 1756 748 1819; x_wconf 90' lang='lat' dir='ltr'>meliore</span> <span class='ocrx_word' id='word_1_127' title='bbox 770 1756 804 1817; x_wconf 90' lang='lat' dir='ltr'>in</span> <span class='ocrx_word' id='word_1_128' title='bbox 827 1758 913 1819; x_wconf 89' lang='lat' dir='ltr'>statu</span> <span class='ocrx_word' id='word_1_129' title='bbox 935 1755 1032 1838; x_wconf 93' lang='lat' dir='ltr'>impe-</span> 
     </span>
     <span class='ocr_line' id='line_1_20' title="bbox 63 1840 1032 1922; baseline 0.001 -19"><span class='ocrx_word' id='word_1_130' title='bbox 63 1841 172 1903; x_wconf 87' lang='lat' dir='ltr'>ratore</span> <span class='ocrx_word' id='word_1_131' title='bbox 199 1842 232 1902; x_wconf 92' lang='lat' dir='ltr'>te</span> <span class='ocrx_word' id='word_1_132' title='bbox 260 1861 328 1903; x_wconf 88' lang='lat' dir='ltr'>esse</span> <span class='ocrx_word' id='word_1_133' title='bbox 354 1861 449 1922; x_wconf 90' lang='lat' dir='ltr'>quam</span> <span class='ocrx_word' id='word_1_134' title='bbox 478 1840 607 1903; x_wconf 90' lang='lat' dir='ltr'>consule</span> <span class='ocrx_word' id='word_1_135' title='bbox 635 1861 668 1903; x_wconf 94' lang='lat' dir='ltr'>se</span> <span class='ocrx_word' id='word_1_136' title='bbox 696 1840 824 1922; x_wconf 90' lang='lat' dir='ltr'>fuisset,</span> <span class='ocrx_word' id='word_1_137' title='bbox 853 1840 1032 1904; x_wconf 89' lang='lat' dir='ltr'>necessario</span> 
     </span>
     <span class='ocr_line' id='line_1_21' title="bbox 62 1923 1071 2009; baseline 0.003 -23"><span class='ocrx_word' id='word_1_138' title='bbox 62 1923 437 2007; x_wconf 82' lang='lat' dir='ltr'>fatereturTarquinium</span> <span class='ocrx_word' id='word_1_139' title='bbox 449 1923 630 1989; x_wconf 89' lang='lat' dir='ltr'>submoueri</span> <span class='ocrx_word' id='word_1_140' title='bbox 641 1924 797 2008; x_wconf 84' lang='lat' dir='ltr'>debuisse,</span> <span class='ocrx_word' id='word_1_141' title='bbox 809 1947 876 1989; x_wconf 92' lang='lat' dir='ltr'>non</span> <span class='ocrx_word' id='word_1_142' title='bbox 887 1946 1031 2009; x_wconf 82' lang='lat' dir='ltr'>regnum.</span> <span class='ocrx_word' id='word_1_143' title='bbox 1046 1944 1071 1983; x_wconf 80' lang='lat'>20</span> 
     </span>
     <span class='ocr_line' id='line_1_22' title="bbox 128 2006 1033 2095; baseline 0.002 -24"><span class='ocrx_word' id='word_1_144' title='bbox 128 2006 218 2071; x_wconf 87' lang='lat' dir='ltr'>XXI.</span> <span class='ocrx_word' id='word_1_145' title='bbox 273 2007 336 2072; x_wconf 82' lang='lat' dir='ltr'>Sed</span> <span class='ocrx_word' id='word_1_146' title='bbox 363 2007 446 2092; x_wconf 90' lang='lat' dir='ltr'>quod</span> <span class='ocrx_word' id='word_1_147' title='bbox 475 2009 581 2073; x_wconf 88' lang='lat' dir='ltr'>facere</span> <span class='ocrx_word' id='word_1_148' title='bbox 608 2031 744 2095; x_wconf 81' lang='lat' dir='ltr'>magnas</span> <span class='ocrx_word' id='word_1_149' title='bbox 771 2011 866 2075; x_wconf 87' lang='lat' dir='ltr'>urbes</span> <span class='ocrx_word' id='word_1_150' title='bbox 894 2010 1033 2095; x_wconf 84' lang='lat' dir='ltr'>ingressi</span> 
     </span>
     <span class='ocr_line' id='line_1_23' title="bbox 63 2092 1032 2176; baseline 0.001 -21"><span class='ocrx_word' id='word_1_151' title='bbox 63 2092 220 2173; x_wconf 86' lang='lat' dir='ltr'>solemus,</span> <span class='ocrx_word' id='word_1_152' title='bbox 247 2094 285 2156; x_wconf 91' lang='lat' dir='ltr'>ut</span> <span class='ocrx_word' id='word_1_153' title='bbox 306 2092 444 2176; x_wconf 90' lang='lat' dir='ltr'>primum</span> <span class='ocrx_word' id='word_1_154' title='bbox 472 2114 579 2158; x_wconf 89' lang='lat' dir='ltr'>sacras</span> <span class='ocrx_word' id='word_1_155' title='bbox 604 2096 697 2160; x_wconf 88' lang='lat' dir='ltr'>aedes</span> <span class='ocrx_word' id='word_1_156' title='bbox 726 2099 758 2160; x_wconf 92' lang='lat' dir='ltr'>et</span> <span class='ocrx_word' id='word_1_157' title='bbox 780 2097 885 2159; x_wconf 88' lang='lat' dir='ltr'>dicata</span> <span class='ocrx_word' id='word_1_158' title='bbox 908 2096 1032 2158; x_wconf 90' lang='lat' dir='ltr'>numini</span> 
     </span>
     <span class='ocr_line' id='line_1_24' title="bbox 62 2177 1033 2261; baseline 0 -22"><span class='ocrx_word' id='word_1_159' title='bbox 62 2197 189 2241; x_wconf 88' lang='lat' dir='ltr'>summo</span> <span class='ocrx_word' id='word_1_160' title='bbox 217 2177 348 2240; x_wconf 89' lang='lat' dir='ltr'>delubra</span> <span class='ocrx_word' id='word_1_161' title='bbox 375 2179 529 2260; x_wconf 90' lang='lat' dir='ltr'>uisamus,</span> <span class='ocrx_word' id='word_1_162' title='bbox 557 2183 626 2242; x_wconf 89' lang='lat' dir='ltr'>tum</span> <span class='ocrx_word' id='word_1_163' title='bbox 653 2180 722 2243; x_wconf 88' lang='lat' dir='ltr'>fora</span> <span class='ocrx_word' id='word_1_164' title='bbox 749 2183 843 2260; x_wconf 89' lang='lat' dir='ltr'>atque</span> <span class='ocrx_word' id='word_1_165' title='bbox 864 2179 1033 2261; x_wconf 84' lang='lat' dir='ltr'>gymnasia</span> 
     </span>
     <span class='ocr_line' id='line_1_25' title="bbox 63 2261 1030 2345; baseline 0 -21"><span class='ocrx_word' id='word_1_166' title='bbox 63 2262 97 2325; x_wconf 87' lang='lat' dir='ltr'>ct</span> <span class='ocrx_word' id='word_1_167' title='bbox 117 2281 177 2345; x_wconf 92' lang='lat' dir='ltr'>pro</span> <span class='ocrx_word' id='word_1_168' title='bbox 206 2261 271 2324; x_wconf 88' lang='lat' dir='ltr'>suis</span> <span class='ocrx_word' id='word_1_169' title='bbox 300 2265 430 2325; x_wconf 89' lang='lat' dir='ltr'>extenta</span> <span class='ocrx_word' id='word_1_170' title='bbox 451 2264 627 2345; x_wconf 85' lang='lat' dir='ltr'>porticibus</span> <span class='ocrx_word' id='word_1_171' title='bbox 654 2263 836 2325; x_wconf 90' lang='lat' dir='ltr'>ambulacra</span> <span class='ocrx_word' id='word_1_172' title='bbox 863 2262 1030 2324; x_wconf 90' lang='lat' dir='ltr'>miremur:</span> 
     </span>
     <span class='ocr_line' id='line_1_26' title="bbox 63 2344 1070 2427; baseline 0 -19"><span class='ocrx_word' id='word_1_173' title='bbox 63 2344 110 2408; x_wconf 88' lang='lat' dir='ltr'>ita</span> <span class='ocrx_word' id='word_1_174' title='bbox 136 2346 171 2409; x_wconf 90' lang='lat' dir='ltr'>in</span> <span class='ocrx_word' id='word_1_175' title='bbox 193 2345 341 2409; x_wconf 90' lang='lat' dir='ltr'>laudibus</span> <span class='ocrx_word' id='word_1_176' title='bbox 362 2346 427 2410; x_wconf 88' lang='lat' dir='ltr'>tuis</span> <span class='ocrx_word' id='word_1_177' title='bbox 453 2350 582 2410; x_wconf 91' lang='lat' dir='ltr'>sanctos</span> <span class='ocrx_word' id='word_1_178' title='bbox 605 2346 721 2409; x_wconf 89' lang='lat' dir='ltr'>Palatii</span> <span class='ocrx_word' id='word_1_179' title='bbox 749 2346 829 2409; x_wconf 89' lang='lat' dir='ltr'>ritus</span> <span class='ocrx_word' id='word_1_180' title='bbox 860 2348 892 2408; x_wconf 90' lang='lat' dir='ltr'>et</span> <span class='ocrx_word' id='word_1_181' title='bbox 917 2346 1030 2427; x_wconf 88' lang='lat' dir='ltr'>priscis</span> <span class='ocrx_word' id='word_1_182' title='bbox 1045 2361 1070 2400; x_wconf 79' lang='lat'>2⁵</span> 
     </span>
     <span class='ocr_line' id='line_1_27' title="bbox 63 2428 1031 2514; baseline -0.002 -21"><span class='ocrx_word' id='word_1_183' title='bbox 63 2430 231 2514; x_wconf 89' lang='lat' dir='ltr'>aequanda</span> <span class='ocrx_word' id='word_1_184' title='bbox 259 2430 460 2494; x_wconf 88' lang='lat' dir='ltr'>caerimoniis</span> <span class='ocrx_word' id='word_1_185' title='bbox 488 2431 637 2495; x_wconf 89' lang='lat' dir='ltr'>instituta</span> <span class='ocrx_word' id='word_1_186' title='bbox 666 2430 810 2495; x_wconf 89' lang='lat' dir='ltr'>uenerati</span> <span class='ocrx_word' id='word_1_187' title='bbox 832 2429 966 2514; x_wconf 83' lang='lat' dir='ltr'>gradum</span> <span class='ocrx_word' id='word_1_188' title='bbox 991 2428 1031 2492; x_wconf 91' lang='lat' dir='ltr'>ad</span> 
     </span>
     <span class='ocr_line' id='line_1_28' title="bbox 62 2513 1031 2599; baseline 0 -22"><span class='ocrx_word' id='word_1_189' title='bbox 62 2513 121 2577; x_wconf 89' lang='lat' dir='ltr'>illa</span> <span class='ocrx_word' id='word_1_190' title='bbox 140 2514 340 2598; x_wconf 89' lang='lat' dir='ltr'>proferemus</span> <span class='ocrx_word' id='word_1_191' title='bbox 363 2515 501 2599; x_wconf 89' lang='lat' dir='ltr'>quaein</span> <span class='ocrx_word' id='word_1_192' title='bbox 523 2515 627 2578; x_wconf 90' lang='lat' dir='ltr'>medio</span> <span class='ocrx_word' id='word_1_193' title='bbox 651 2515 825 2579; x_wconf 88' lang='lat' dir='ltr'>constituta</span> <span class='ocrx_word' id='word_1_194' title='bbox 853 2517 885 2578; x_wconf 90' lang='lat' dir='ltr'>et</span> <span class='ocrx_word' id='word_1_195' title='bbox 912 2514 953 2577; x_wconf 91' lang='lat' dir='ltr'>ad</span> <span class='ocrx_word' id='word_1_196' title='bbox 975 2536 1031 2597; x_wconf 89' lang='lat' dir='ltr'>pu-</span> 
     </span>
     <span class='ocr_line' id='line_1_29' title="bbox 63 2597 1031 2683; baseline 0.002 -22"><span class='ocrx_word' id='word_1_197' title='bbox 63 2597 165 2662; x_wconf 90' lang='lat' dir='ltr'>blicos</span> <span class='ocrx_word' id='word_1_198' title='bbox 198 2600 285 2663; x_wconf 90' lang='lat' dir='ltr'>uisus</span> <span class='ocrx_word' id='word_1_199' title='bbox 311 2601 456 2683; x_wconf 90' lang='lat' dir='ltr'>patentia</span> <span class='ocrx_word' id='word_1_200' title='bbox 488 2621 556 2663; x_wconf 93' lang='lat' dir='ltr'>non</span> <span class='ocrx_word' id='word_1_201' title='bbox 582 2600 682 2683; x_wconf 88' lang='lat' dir='ltr'>parti,</span> <span class='ocrx_word' id='word_1_202' title='bbox 717 2599 772 2664; x_wconf 91' lang='lat' dir='ltr'>sed</span> <span class='ocrx_word' id='word_1_203' title='bbox 800 2600 834 2663; x_wconf 92' lang='lat' dir='ltr'>in</span> <span class='ocrx_word' id='word_1_204' title='bbox 863 2620 1031 2663; x_wconf 87' lang='lat' dir='ltr'>commune</span> 
     </span>
     <span class='ocr_line' id='line_1_30' title="bbox 62 2683 1031 2769; baseline 0.003 -23"><span class='ocrx_word' id='word_1_205' title='bbox 62 2683 256 2767; x_wconf 88' lang='lat' dir='ltr'>conducunt,</span> <span class='ocrx_word' id='word_1_206' title='bbox 278 2705 338 2748; x_wconf 91' lang='lat' dir='ltr'>nec</span> <span class='ocrx_word' id='word_1_207' title='bbox 359 2684 546 2769; x_wconf 87' lang='lat' dir='ltr'>parietibus,</span> <span class='ocrx_word' id='word_1_208' title='bbox 570 2686 626 2749; x_wconf 91' lang='lat' dir='ltr'>sed</span> <span class='ocrx_word' id='word_1_209' title='bbox 648 2685 724 2749; x_wconf 91' lang='lat' dir='ltr'>orbe</span> <span class='ocrx_word' id='word_1_210' title='bbox 748 2684 948 2768; x_wconf 88' lang='lat' dir='ltr'>clauduntur,</span> <span class='ocrx_word' id='word_1_211' title='bbox 971 2707 1031 2749; x_wconf 91' lang='lat' dir='ltr'>neo</span> 
     </span>
     <span class='ocr_line' id='line_1_31' title="bbox 62 2767 1070 2854; baseline 0.002 -23"><span class='ocrx_word' id='word_1_212' title='bbox 62 2768 165 2848; x_wconf 85' lang='lat' dir='ltr'>tect0,</span> <span class='ocrx_word' id='word_1_213' title='bbox 188 2767 244 2830; x_wconf 90' lang='lat' dir='ltr'>sed</span> <span class='ocrx_word' id='word_1_214' title='bbox 267 2768 354 2832; x_wconf 89' lang='lat' dir='ltr'>caelo</span> <span class='ocrx_word' id='word_1_215' title='bbox 377 2769 572 2853; x_wconf 87' lang='lat' dir='ltr'>operiuntur.</span> <span class='ocrx_word' id='word_1_216' title='bbox 612 2771 700 2835; x_wconf 88' lang='lat' dir='ltr'>uelut</span> <span class='ocrx_word' id='word_1_217' title='bbox 721 2771 860 2854; x_wconf 92' lang='lat' dir='ltr'>primum</span> <span class='ocrx_word' id='word_1_218' title='bbox 881 2770 960 2835; x_wconf 90' lang='lat' dir='ltr'>illud</span> <span class='ocrx_word' id='word_1_219' title='bbox 983 2773 1070 2834; x_wconf 78' lang='lat' dir='ltr'>esta</span> 
     </span>
    </p>
   </div>
   <div class='ocr_carea' id='block_1_3' title="bbox 65 2890 267 2898">
    <p class='ocr_par' dir='ltr' id='par_1_3' title="bbox 65 2890 267 2898">
     <span class='ocr_line' id='line_1_32' title="bbox 65 2890 267 2898; baseline 0.005 -1"><span class='ocrx_word' id='word_1_220' title='bbox 65 2890 128 2898; x_wconf 74' lang='lat'>--—</span> <span class='ocrx_word' id='word_1_221' title='bbox 133 2891 267 2898; x_wconf 71' lang='lat'>——-—-</span> 
     </span>
    </p>
   </div>
   <div class='ocr_carea' id='block_1_4' title="bbox 60 2954 1031 3565">
    <p class='ocr_par' dir='ltr' id='par_1_4' title="bbox 60 2954 1031 3565">
     <span class='ocr_line' id='line_1_33' title="bbox 131 2954 1030 3023; baseline -0.001 -17"><span class='ocrx_word' id='word_1_222' title='bbox 131 2959 325 3023; x_wconf 72' lang='lat' dir='ltr'>imumasque</span> <span class='ocrx_word' id='word_1_223' title='bbox 343 2959 366 3006; x_wconf 98' lang='lat' dir='ltr'>A</span> <span class='ocrx_word' id='word_1_224' title='bbox 395 2956 405 3023; x_wconf 82' lang='grc' dir='ltr'>ΙΙ</span> <span class='ocrx_word' id='word_1_225' title='bbox 434 2960 634 3023; x_wconf 86' lang='lat' dir='ltr'>3Tarquinum</span> <span class='ocrx_word' id='word_1_226' title='bbox 652 2961 679 3006; x_wconf 74' lang='grc' dir='ltr'>Π</span> <span class='ocrx_word' id='word_1_227' title='bbox 708 2956 717 3021; x_wconf 89' lang='grc' dir='ltr'>ΙΙ</span> <span class='ocrx_word' id='word_1_228' title='bbox 747 2958 832 3007; x_wconf 73' lang='lat' dir='ltr'>theo</span> <span class='ocrx_word' id='word_1_229' title='bbox 850 2954 895 3020; x_wconf 72' lang='lat' dir='ltr'>A!</span> <span class='ocrx_word' id='word_1_230' title='bbox 919 2957 1030 3006; x_wconf 85' lang='lat' dir='ltr'>damna·</span> 
     </span>
     <span class='ocr_line' id='line_1_34' title="bbox 62 3022 1030 3088; baseline -0.002 -15"><span class='ocrx_word' id='word_1_231' title='bbox 62 3036 129 3074; x_wconf 82' lang='lat' dir='ltr'>uere</span> <span class='ocrx_word' id='word_1_232' title='bbox 148 3038 186 3073; x_wconf 83' lang='lat' dir='ltr'>w:</span> <span class='ocrx_word' id='word_1_233' title='bbox 206 3025 304 3075; x_wconf 88' lang='lat' dir='ltr'>damna</span> <span class='ocrx_word' id='word_1_234' title='bbox 321 3041 354 3076; x_wconf 91' lang='lat' dir='ltr'>ue</span> <span class='ocrx_word' id='word_1_235' title='bbox 373 3027 395 3074; x_wconf 95' lang='lat' dir='ltr'>A</span> <span class='ocrx_word' id='word_1_236' title='bbox 412 3025 613 3075; x_wconf 88' lang='lat' dir='ltr'>damnauerunt</span> <span class='ocrx_word' id='word_1_237' title='bbox 629 3025 650 3072; x_wconf 85' lang='lat' dir='ltr'>B</span> <span class='ocrx_word' id='word_1_238' title='bbox 669 3027 687 3073; x_wconf 80' lang='lat'><strong>0</strong></span> <span class='ocrx_word' id='word_1_239' title='bbox 705 3025 728 3071; x_wconf 85' lang='lat' dir='ltr'>V</span> <span class='ocrx_word' id='word_1_240' title='bbox 752 3022 761 3088; x_wconf 84' lang='grc' dir='ltr'>ΙΙ</span> <span class='ocrx_word' id='word_1_241' title='bbox 790 3024 805 3072; x_wconf 87' lang='lat'>5</span> <span class='ocrx_word' id='word_1_242' title='bbox 823 3028 854 3072; x_wconf 87' lang='lat' dir='ltr'>ut</span> <span class='ocrx_word' id='word_1_243' title='bbox 872 3031 897 3072; x_wconf 79' lang='lat' dir='ltr'>et</span> <span class='ocrx_word' id='word_1_244' title='bbox 915 3025 930 3071; x_wconf 82' lang='lat'><strong>6</strong></span> <span class='ocrx_word' id='word_1_245' title='bbox 949 3038 1030 3072; x_wconf 90' lang='lat' dir='ltr'>uoca-</span> 
     </span>
     <span class='ocr_line' id='line_1_35' title="bbox 62 3088 1029 3155; baseline 0.002 -15"><span class='ocrx_word' id='word_1_246' title='bbox 62 3092 156 3141; x_wconf 82' lang='lat' dir='ltr'>uerint</span> <span class='ocrx_word' id='word_1_247' title='bbox 178 3094 327 3144; x_wconf 79' lang='lat' dir='ltr'>Acidaliac:</span> <span class='ocrx_word' id='word_1_248' title='bbox 350 3097 428 3142; x_wconf 89' lang='lat' dir='ltr'>ct-</span> <span class='ocrx_word' id='word_1_249' title='bbox 445 3096 618 3144; x_wconf 87' lang='lat' dir='ltr'>uocauerunt</span> <span class='ocrx_word' id='word_1_250' title='bbox 640 3094 667 3140; x_wconf 75' lang='grc' dir='ltr'><strong>Η</strong></span> <span class='ocrx_word' id='word_1_251' title='bbox 696 3088 707 3155; x_wconf 88' lang='lat' dir='ltr'>l</span> <span class='ocrx_word' id='word_1_252' title='bbox 736 3093 751 3140; x_wconf 88' lang='grc'>9</span> <span class='ocrx_word' id='word_1_253' title='bbox 775 3097 899 3140; x_wconf 86' lang='lat' dir='ltr'>assertor</span> <span class='ocrx_word' id='word_1_254' title='bbox 919 3091 953 3138; x_wconf 89' lang='lat' dir='ltr'>A:</span> <span class='ocrx_word' id='word_1_255' title='bbox 983 3106 1029 3142; x_wconf 85' lang='lat' dir='ltr'>om.</span> 
     </span>
     <span class='ocr_line' id='line_1_36' title="bbox 62 3157 1030 3224; baseline -0.001 -16"><span class='ocrx_word' id='word_1_256' title='bbox 62 3158 159 3208; x_wconf 78' lang='lat' dir='ltr'>BOV</span> <span class='ocrx_word' id='word_1_257' title='bbox 176 3160 210 3208; x_wconf 78' lang='lat' dir='ltr'><strong>W</strong></span> <span class='ocrx_word' id='word_1_258' title='bbox 229 3168 310 3213; x_wconf 84' lang='lat' dir='ltr'>autor</span> <span class='ocrx_word' id='word_1_259' title='bbox 328 3163 387 3211; x_wconf 82' lang='lat' dir='ltr'>add.</span> <span class='ocrx_word' id='word_1_260' title='bbox 407 3161 615 3224; x_wconf 78' lang='lat' dir='ltr'>wlnomineA</span> <span class='ocrx_word' id='word_1_261' title='bbox 673 3161 705 3208; x_wconf 87' lang='lat'>14</span> <span class='ocrx_word' id='word_1_262' title='bbox 725 3157 833 3208; x_wconf 88' lang='lat' dir='ltr'>uideret</span> <span class='ocrx_word' id='word_1_263' title='bbox 849 3160 942 3209; x_wconf 81' lang='lat' dir='ltr'>reclusi</span> <span class='ocrx_word' id='word_1_264' title='bbox 998 3159 1030 3208; x_wconf 80' lang='lat'>19</span> 
     </span>
     <span class='ocr_line' id='line_1_37' title="bbox 62 3224 1030 3292; baseline 0 -18"><span class='ocrx_word' id='word_1_265' title='bbox 62 3226 165 3278; x_wconf 79' lang='lat' dir='ltr'>fuisset</span> <span class='ocrx_word' id='word_1_266' title='bbox 183 3231 256 3283; x_wconf 67' lang='lat' dir='ltr'>edd:</span> <span class='ocrx_word' id='word_1_267' title='bbox 274 3230 361 3280; x_wconf 83' lang='lat' dir='ltr'>fuisse</span> <span class='ocrx_word' id='word_1_268' title='bbox 378 3231 405 3276; x_wconf 75' lang='grc' dir='ltr'>Η</span> <span class='ocrx_word' id='word_1_269' title='bbox 422 3227 520 3292; x_wconf 85' lang='lat' dir='ltr'>(fuisse</span> <span class='ocrx_word' id='word_1_270' title='bbox 540 3243 569 3279; x_wconf 86' lang='lat' dir='ltr'>sa</span> <span class='ocrx_word' id='word_1_271' title='bbox 588 3226 618 3289; x_wconf 76' lang='lat' dir='ltr'>B)</span> <span class='ocrx_word' id='word_1_272' title='bbox 648 3224 652 3291; x_wconf 93' lang='grc' dir='ltr'>Ι</span> <span class='ocrx_word' id='word_1_273' title='bbox 677 3229 709 3278; x_wconf 87' lang='grc'>20</span> <span class='ocrx_word' id='word_1_274' title='bbox 726 3226 894 3289; x_wconf 86' lang='lat' dir='ltr'>Tarquinum</span> <span class='ocrx_word' id='word_1_275' title='bbox 913 3226 940 3272; x_wconf 74' lang='grc' dir='ltr'>Μ</span> <span class='ocrx_word' id='word_1_276' title='bbox 997 3227 1030 3274; x_wconf 91' lang='grc'>22</span> 
     </span>
     <span class='ocr_line' id='line_1_38' title="bbox 62 3291 1030 3358; baseline 0 -16"><span class='ocrx_word' id='word_1_277' title='bbox 62 3307 159 3345; x_wconf 83' lang='lat' dir='ltr'>sacras</span> <span class='ocrx_word' id='word_1_278' title='bbox 178 3297 243 3347; x_wconf 88' lang='lat' dir='ltr'>edes</span> <span class='ocrx_word' id='word_1_279' title='bbox 260 3312 296 3347; x_wconf 81' lang='lat' dir='ltr'>w:</span> <span class='ocrx_word' id='word_1_280' title='bbox 317 3312 395 3348; x_wconf 86' lang='lat' dir='ltr'>sacra</span> <span class='ocrx_word' id='word_1_281' title='bbox 414 3296 490 3347; x_wconf 89' lang='lat' dir='ltr'>sedes</span> <span class='ocrx_word' id='word_1_282' title='bbox 502 3298 525 3345; x_wconf 98' lang='lat' dir='ltr'>A</span> <span class='ocrx_word' id='word_1_283' title='bbox 543 3310 636 3346; x_wconf 84' lang='lat' dir='ltr'>sacras</span> <span class='ocrx_word' id='word_1_284' title='bbox 654 3294 735 3345; x_wconf 86' lang='lat' dir='ltr'>sedes</span> <span class='ocrx_word' id='word_1_285' title='bbox 752 3293 836 3341; x_wconf 79' lang='lat' dir='ltr'>BOV</span> <span class='ocrx_word' id='word_1_286' title='bbox 857 3291 866 3358; x_wconf 79' lang='lat' dir='ltr'>ss</span> <span class='ocrx_word' id='word_1_287' title='bbox 887 3295 920 3342; x_wconf 82' lang='grc'>24</span> <span class='ocrx_word' id='word_1_288' title='bbox 939 3293 1030 3342; x_wconf 90' lang='lat' dir='ltr'>ambu-</span> 
     </span>
     <span class='ocr_line' id='line_1_39' title="bbox 61 3359 1030 3429; baseline -0.003 -18"><span class='ocrx_word' id='word_1_289' title='bbox 61 3360 141 3427; x_wconf 80' lang='lat' dir='ltr'>lagra</span> <span class='ocrx_word' id='word_1_290' title='bbox 159 3366 187 3411; x_wconf 73' lang='grc' dir='ltr'><strong>Η</strong></span> <span class='ocrx_word' id='word_1_291' title='bbox 208 3362 218 3428; x_wconf 90' lang='lat' dir='ltr'>l</span> <span class='ocrx_word' id='word_1_292' title='bbox 242 3367 274 3415; x_wconf 79' lang='grc'>27</span> <span class='ocrx_word' id='word_1_293' title='bbox 292 3365 455 3429; x_wconf 81' lang='lat' dir='ltr'>proferimus</span> <span class='ocrx_word' id='word_1_294' title='bbox 472 3365 507 3427; x_wconf 73' lang='grc' dir='ltr'>Η,</span> <span class='ocrx_word' id='word_1_295' title='bbox 527 3365 639 3415; x_wconf 79' lang='lat' dir='ltr'>correxi.</span> <span class='ocrx_word' id='word_1_296' title='bbox 658 3363 828 3427; x_wconf 85' lang='lat' dir='ltr'>proferamus</span> <span class='ocrx_word' id='word_1_297' title='bbox 846 3359 943 3417; x_wconf 67' lang='lat' dir='ltr'>Aridi</span> <span class='ocrx_word' id='word_1_298' title='bbox 963 3365 989 3409; x_wconf 85' lang='lat' dir='ltr'>et</span> <span class='ocrx_word' id='word_1_299' title='bbox 1008 3361 1030 3408; x_wconf 95' lang='lat' dir='ltr'>A</span> 
     </span>
     <span class='ocr_line' id='line_1_40' title="bbox 61 3426 1031 3497; baseline -0.001 -19"><span class='ocrx_word' id='word_1_300' title='bbox 61 3428 154 3481; x_wconf 70' lang='lat' dir='ltr'>Bora:</span> <span class='ocrx_word' id='word_1_301' title='bbox 173 3448 219 3483; x_wconf 87' lang='lat' dir='ltr'>om.</span> <span class='ocrx_word' id='word_1_302' title='bbox 237 3432 257 3480; x_wconf 86' lang='lat' dir='ltr'>B</span> <span class='ocrx_word' id='word_1_303' title='bbox 277 3433 293 3482; x_wconf 80' lang='lat' dir='ltr'>(t</span> <span class='ocrx_word' id='word_1_304' title='bbox 310 3433 333 3480; x_wconf 80' lang='lat' dir='ltr'>V</span> <span class='ocrx_word' id='word_1_305' title='bbox 349 3434 382 3481; x_wconf 84' lang='lat' dir='ltr'>W</span> <span class='ocrx_word' id='word_1_306' title='bbox 398 3430 408 3497; x_wconf 80' lang='grc' dir='ltr'>ΙΙ</span> <span class='ocrx_word' id='word_1_307' title='bbox 429 3432 462 3481; x_wconf 88' lang='grc'>28</span> <span class='ocrx_word' id='word_1_308' title='bbox 479 3433 556 3483; x_wconf 83' lang='lat' dir='ltr'>uisus</span> <span class='ocrx_word' id='word_1_309' title='bbox 573 3433 683 3495; x_wconf 81' lang='lat' dir='ltr'>scripsi:</span> <span class='ocrx_word' id='word_1_310' title='bbox 701 3445 766 3481; x_wconf 86' lang='lat' dir='ltr'>usus</span> <span class='ocrx_word' id='word_1_311' title='bbox 785 3430 812 3475; x_wconf 74' lang='grc' dir='ltr'>Π</span> <span class='ocrx_word' id='word_1_312' title='bbox 827 3426 831 3492; x_wconf 93' lang='grc' dir='ltr'>Ι</span> <span class='ocrx_word' id='word_1_313' title='bbox 847 3428 973 3494; x_wconf 86' lang='lat' dir='ltr'>patentia</span> <span class='ocrx_word' id='word_1_314' title='bbox 991 3442 1031 3477; x_wconf 80' lang='lat' dir='ltr'>w:</span> 
     </span>
     <span class='ocr_line' id='line_1_41' title="bbox 60 3499 685 3565; baseline 0.002 -19"><span class='ocrx_word' id='word_1_315' title='bbox 60 3499 199 3562; x_wconf 87' lang='lat' dir='ltr'>patientia</span> <span class='ocrx_word' id='word_1_316' title='bbox 217 3502 258 3550; x_wconf 83' lang='lat' dir='ltr'>ael</span> <span class='ocrx_word' id='word_1_317' title='bbox 275 3501 411 3565; x_wconf 83' lang='lat' dir='ltr'>pacientia</span> <span class='ocrx_word' id='word_1_318' title='bbox 429 3501 456 3547; x_wconf 75' lang='grc' dir='ltr'><strong>Η</strong></span> <span class='ocrx_word' id='word_1_319' title='bbox 474 3499 607 3550; x_wconf 89' lang='lat' dir='ltr'>facientia</span> <span class='ocrx_word' id='word_1_320' title='bbox 626 3500 685 3549; x_wconf 83' lang='lat' dir='ltr'>edd.</span> 
     </span>
    </p>
   </div>
   <div class='ocr_carea' id='block_1_5' title="bbox 109 3585 876 3634">
    <p class='ocr_par' dir='ltr' id='par_1_5' title="bbox 109 3585 876 3634">
     <span class='ocr_line' id='line_1_42' title="bbox 109 3585 876 3634; baseline 0.007 -5"><span class='ocrx_word' id='word_1_321' title='bbox 109 3590 198 3632; x_wconf 77' lang='lat' dir='ltr'>Pam.</span> <span class='ocrx_word' id='word_1_322' title='bbox 212 3599 266 3631; x_wconf 76' lang='lat' dir='ltr'>aar.</span> <span class='ocrx_word' id='word_1_323' title='bbox 845 3585 876 3634; x_wconf 84' lang='lat'>19</span> 
     </span>
    </p>
   </div>
   <div class='ocr_carea' id='block_1_6' title="bbox 0 0 1202 3990">
    <p class='ocr_par' dir='ltr' id='par_1_6' title="bbox 0 0 1202 3990">
     <span class='ocr_line' id='line_1_43' title="bbox 0 0 1202 3990; baseline 0 1"><span class='ocrx_word' id='word_1_324' title='bbox 0 0 1202 3990; x_wconf 95' lang='lat' dir='ltr'> </span> 
     </span>
    </p>
   </div>
  </div>
 </body>
</html>
