2406 4012
142 227 202 290 148
461 227 509 280 v1.
539 225 690 277 incusat
706 225 789 278 ren.

141 378 271 443 nomine
298 375 378 440 mihi
400 375 605 461 peculiariter
630 374 872 461 gratulandum,
902 376 1116 443 deuotissima

140 463 232 528 uobis
260 461 374 526 ciuitas
403 461 587 525 Aeduorum
620 481 659 524 ex
686 459 747 524 hae
776 459 982 526 Britannicae
1011 461 1117 528 facul·

140 551 207 612 tate
228 546 383 611 uictoriae
405 545 575 629 plurimos,
603 544 718 628 quibus
740 545 815 609 illae
837 545 1023 629 prouinciae
1043 548 1116 612 red-

141 631 320 713 undabant,
351 630 477 714 accepit
499 629 637 693 artifices
666 632 699 693 et
720 650 807 694 nune
835 630 1038 695 extractione
1060 654 1115 697 ue-

114 720 246 780 sterum
269 715 435 779 domorum
458 717 491 778 et
510 713 685 778 refectione
707 734 839 799 operum
854 714 1060 798 publicorum
1082 722 1116 783 et

140 799 333 883 templorum
360 799 594 863 instauratione
622 798 799 884 consurgit.
843 821 931 864 nunc
955 800 1020 864 sibi
1043 801 1116 887 red·

141 886 243 949 ditum
272 887 365 949 uetus
393 884 472 949 illud
493 883 658 947 Romanae
678 882 893 948 fraternitatis
917 905 1038 950 nomen
1061 907 1115 951 ex·

141 970 281 1052 istimat,
320 991 392 1034 cum
425 973 457 1034 te
490 989 599 1032 rursus
633 967 749 1032 habeat
778 967 986 1034 conditorem.
1035 969 1114 1055 dixi,

142 1053 261 1120 Caesar
277 1055 409 1137 inuicte,
431 1074 530 1138 prope
545 1052 638 1137 plura
653 1074 747 1137 quam
762 1053 863 1137 potui,
888 1053 943 1118 sed
958 1056 1116 1152 pauciora

102 1157 127 1196 10
141 1161 237 1223 quam
259 1139 371 1222 debui,
400 1142 437 1202 ut
465 1137 641 1201 iustissima
666 1136 746 1200 mihi
776 1158 870 1204 cansa
899 1138 942 1203 sit
968 1141 1115 1224 propitio

140 1224 271 1286 numine
292 1226 350 1287 tuo
374 1226 406 1286 et
427 1243 514 1286 nunc
537 1221 703 1286 desinendi
725 1224 758 1286 et
779 1243 875 1306 saepe
897 1221 1036 1290 dicendi.

523 1447 726 1454 *m

596 1614 656 1688 VI.

140 1929 451 1995 PANEGYRIOUS
460 1930 718 1997 MAXIMIANO
730 1931 787 1997 ΕΤ
796 1931 1113 2003 OONSTANTINO

102 2080 128 2122 15
510 2068 740 2125 DIOTUS.

204 2217 230 2282 I.
274 2216 425 2282 Dixerint
451 2217 528 2282 licet
554 2217 687 2302 plurimi
712 2219 868 2304 multique
898 2220 1017 2285 dicturi
1046 2223 1115 2287 sint

142 2324 179 2366 ea
206 2303 321 2386 quibus
349 2303 458 2367 omnia
485 2303 572 2367 facta
599 2306 706 2367 uestra
731 2325 988 2389 summorumque
1010 2307 1114 2372 uirtu-

141 2390 209 2451 tum
231 2389 346 2453 merita
368 2388 552 2472 laudantur,
578 2387 784 2453 sacratissimi
805 2389 984 2473 principes,
1008 2389 1114 2457 Maxi-

142 2473 256 2552 miane,
280 2474 361 2538 uelis
383 2472 477 2556 nolis,
499 2495 625 2570 semper
645 2474 802 2558 Auguste,
827 2478 859 2538 et
881 2473 1112 2562 Constantine,

101 2572 128 2612 2⁰
142 2559 248 2621 oriens
275 2559 466 2640 imperator:
503 2557 713 2622 mih1tamen
741 2561 862 2621 certum
885 2562 935 2623 est
961 2581 1113 2644 caprae

142 2641 234 2722 cipue
248 2641 312 2703 isto
329 2661 474 2704 sermone
490 2640 661 2722 complecti
681 2663 761 2724 quae
776 2645 852 2707 sunt
866 2642 961 2707 huius
977 2647 1113 2729 propria

141 2722 281 2786 laetitiae
305 2744 367 2804 qua
388 2722 449 2786 tibi
464 2721 592 2786 caesari
609 2723 751 2789 additum
771 2748 890 2792 nomen
904 2728 1113 2812 imperatoris

142 2813 175 2871 et
202 2805 336 2869 istarum
364 2806 547 2870 caelestium
576 2809 761 2892 nuptiarum
783 2811 866 2876 festa
895 2812 1112 2882 celebrantur.

143 2893 248 2955 cetera
263 2891 349 2953 enim
369 2890 405 2954 in
419 2912 487 2955 rem
501 2891 663 2975 publicam
684 2898 791 2959 uestra
805 2897 960 2961 beneficia
974 2904 1114 2982 possunt

103 2991 129 3033 aa
142 2974 251 3040 multis
272 2975 493 3041 occasionibus
510 2976 707 3043 diuersorum
721 2983 900 3064 temporum
914 2982 1111 3065 praedicari:

141 3059 216 3126 huie
244 3063 319 3124 uoto
340 3062 471 3145 propria
496 3084 584 3127 nunc
606 3063 739 3128 debetur
767 3066 868 3130 oratio
898 3067 981 3150 quod
1010 3069 1113 3134 semel

141 3147 264 3210 factum
278 3145 420 3210 futurum
441 3147 744 3231 estsempitemum.
774 3150 920 3233 equidem
942 3152 1009 3217 scic
1030 3174 1112 3238 gau-

142 3231 284 3295 dentium
312 3230 417 3294 studia
445 3253 531 3296 nunc
556 3232 602 3296 ita
622 3235 693 3297 toto
722 3233 799 3297 orbe
821 3234 1002 3320 florescere,
1031 3259 1113 3322 qua·

212 3419 242 3467 16
260 3418 388 3471 dixerunt
406 3422 429 3469 A
441 3420 462 3467 V
473 3420 506 3468 W
524 3426 586 3471 sunt
600 3424 633 3470 W
650 3418 660 3486 ΙΙ
679 3423 709 3471 19
728 3421 807 3472 nobis
818 3425 841 3472 Δ
859 3422 869 3488 ΙΙ
886 3426 918 3474 22
937 3425 1113 3491 imperatoris

143 3485 292 3536 Acidaliae:
310 3487 417 3553 imperii
434 3489 461 3536 Ι
477 3485 487 3552 l
504 3489 537 3538 23
555 3489 626 3539 feste
642 3490 665 3537 A
681 3486 691 3553 l
709 3490 742 3539 ‘24
759 3489 894 3542 beneficia
911 3499 1005 3545 uestra
1022 3494 1111 3544 ΒΗ

142 3550 151 3616 ll
168 3553 201 3603 26
219 3552 306 3603 semel
325 3559 367 3604 est
384 3554 490 3605 fuctum
507 3556 540 3604 W
