2406 4012
176 205 219 269 32
504 207 525 256 1.
561 206 590 258 C.
608 207 722 257 PLINll
738 207 819 258 PAN.

179 358 303 442 signat:
345 358 422 421 licet
449 356 583 439 reicere,
619 356 695 419 licet
723 356 902 419 exclamare
929 355 1034 420 ‘hunc
1062 358 1149 441 nolo,
1190 368 1195 409 ¹

178 442 310 506 timidus
333 445 383 506 est
405 442 437 504 et
458 440 543 503 bona
566 440 683 504 sacculi
706 462 818 524 parum
840 440 1020 524 intellegit:
1057 442 1150 507 illum
1187 414 1195 513 l

179 528 251 591 uolo
273 527 328 611 qui
343 525 512 590 Caesarem
532 524 660 588 fortiter
682 527 789 588 amat’.
831 524 942 589 eodem
961 527 1032 589 foro
1055 531 1149 591 utun·
1191 524 1195 593 ἓ

179 615 232 675 tur
260 610 457 693 principatus
486 612 518 673 et
540 608 687 691 libertas,
720 629 861 693 quaeque
889 610 1066 694 praecipua
1094 616 1150 676 tua
1190 600 1195 679 l

154 695 283 780 sgloria
306 697 369 777 est,
392 693 518 776 saepius
540 693 683 757 uincitur
703 693 813 778 fiscus;
837 695 925 758 cuius
947 695 1032 758 mala
1054 716 1150 761 causa
1193 766 1195 771 ,

179 800 353 861 numquam
381 781 429 842 est
455 778 518 842 nisi
547 779 606 842 sub
633 778 717 841 bono
743 779 899 862 principe.
944 779 1063 865 ingens
1090 782 1150 846 hoc
1191 816 1195 845 ι

180 864 345 930 meritum:
382 863 484 927 maius
512 862 591 925 illud
619 863 701 946 quod
730 884 783 926 eos
805 866 1029 947 procuratores
1049 865 1150 930 habes

179 953 216 1012 ut
242 949 429 1034 plerumque
463 948 548 1011 ciues
578 947 627 1010 tui
658 968 725 1010 non
756 947 836 1010 alios
868 948 987 1013 iudices
1021 951 1148 1014 malint

181 1034 314 1097 liberum
342 1037 391 1096 est
419 1035 525 1096 autem
554 1031 747 1095 discriminis
777 1032 868 1095 ‘nolo
898 1054 971 1096 eum
999 1034 1149 1131 eligere'.
1193 1066 1195 1071 ·

144 1141 168 1179 m
181 1140 284 1201 neque
313 1119 398 1180 enim
425 1117 523 1180 ullam
551 1117 777 1180 necessitatem
803 1116 988 1182 muneribus
1010 1121 1077 1183 turs
1099 1119 1150 1183 ad·
1188 1170 1195 1181 .

182 1204 245 1285 dis,
276 1205 312 1264 ut
340 1202 394 1283 qui
423 1201 504 1265 scias
533 1199 616 1264 hanc
645 1223 713 1264 esse
735 1200 962 1264 beneficiorum
986 1204 1149 1287 principa-

182 1287 258 1350 lium
283 1307 456 1367 summam,
480 1285 508 1349 si
529 1284 593 1349 illis
616 1289 648 1348 et
669 1307 736 1348 non
758 1285 806 1348 uti
828 1286 912 1349 licet.

246 1369 414 1434 XXXVII.
460 1369 567 1434 Onera
588 1370 713 1453 imperii
735 1369 885 1454 pleraque
906 1371 1083 1455 uectigalia
1105 1373 1151 1436 in·-

183 1458 273 1520 stitui
302 1459 339 1518 ut
360 1476 418 1538 pro
441 1455 580 1518 utilitate
607 1454 767 1518 communi
788 1456 835 1518 ita
857 1455 1060 1540 singulorum
1083 1478 1151 1521 cum

145 1562 170 1601 15
183 1541 307 1605 iniuriis
334 1561 476 1624 coegere.
524 1540 559 1602 in
586 1538 637 1601 his
666 1539 818 1603 uicesima
845 1543 972 1623 reperta
998 1544 1062 1624 est,
1097 1542 1150 1606 tri·

182 1627 294 1690 butum
316 1625 484 1689 tolerabile
507 1627 539 1687 et
557 1623 653 1687 facile
669 1623 838 1688 heredibus
860 1625 1027 1689 dumtaxat
1050 1629 1151 1690 extra·

182 1713 267 1793 nem,
298 1709 480 1773 domesticis
501 1729 611 1792 graue.
658 1709 766 1792 itaque
793 1709 857 1772 illis
883 1710 1064 1794 irrogatum
1095 1714 1151 1793 est,

183 1797 233 1859 his
248 1795 431 1875 remissum3
453 1792 602 1856 uidelicet
618 1793 702 1875 qnod
718 1793 924 1857 manifestum
945 1796 1015 1858 erat
1030 1799 1150 1878 quanto

184 1901 255 1943 cnm
272 1878 380 1941 dolore
391 1877 489 1939 laturi
504 1898 560 1940 seu
570 1879 677 1960 potins
692 1898 758 1940 non
774 1878 870 1941 laturi
881 1877 1029 1942 homines
1045 1883 1153 1944 essent

146 1985 172 2023 co
185 1961 342 2046 destringi
357 1960 477 2044 aliquid
500 1965 532 2024 et
546 1962 656 2025 abradi
672 1962 764 2025 bonis
785 1983 866 2045 quae
882 1963 1051 2048 sanguine,
1076 1984 1152 2049 gen-

184 2048 312 2128 tilitate,
335 2066 495 2109 sacrorum
514 2046 648 2129 denique
672 2047 825 2110 societate
846 2048 1039 2111 meruissent
1060 2070 1153 2132 quee-

185 2153 246 2215 que
273 2152 448 2214 numquam
479 2134 516 2194 ut
543 2131 648 2195 aliena
682 2133 714 2194 et
742 2132 913 2214 speranda,
948 2132 1003 2195 sed
1031 2136 1070 2196 ut
1098 2156 1154 2197 sua

186 2237 372 2300 semperque
387 2237 533 2299 possessa
548 2239 585 2280 ac
595 2216 745 2298 deinceps
760 2217 906 2298 proximo
923 2217 1035 2299 cuique
1050 2220 1153 2282 trans-

185 2301 342 2365 mittenda
366 2301 535 2384 cepissent.
562 2300 642 2373 haec
659 2299 871 2364 mansuetudo
886 2301 967 2386 legis
989 2302 1154 2367 ueteribus

147 2404 172 2444 as
186 2386 308 2451 ciuibus
337 2385 541 2450 seruabatur:
578 2385 669 2468 noni,
700 2407 754 2448 seu
781 2406 839 2468 per
860 2385 988 2449 Latium
1016 2386 1052 2450 in
1078 2387 1154 2451 ciui-

184 2475 284 2536 tatem
312 2493 367 2535 seu
390 2470 545 2534 beneficio
574 2470 729 2553 principis
756 2470 936 2550 uenissent,
968 2470 1032 2533 nisi
1059 2471 1156 2535 simul

187 2556 387 2640 cognationis
406 2556 476 2617 iura
490 2555 724 2636 impetrassent,
748 2553 935 2618 alienissimi
952 2554 1156 2619 habebantur

185 2640 300 2722 quibus
330 2639 584 2702 coniunctissimi
610 2638 748 2701 fuerant.
774 2640 839 2710 „ita
861 2639 1037 2702 maximum
1060 2641 1156 2704 bene

186 2723 294 2787 ficium
316 2722 502 2785 uertebatur
529 2723 564 2785 in
587 2723 809 2806 grauissimam
830 2724 997 2807 iniuriam,
1026 2725 1157 2788 ciuitas·

149 2827 174 2867 ao
188 2829 247 2891 que
269 2806 416 2870 Romana
442 2807 546 2870 instar
574 2810 642 2870 erat
662 2807 727 2870 odii
755 2811 787 2871 et
809 2807 986 2873 discordiae
1015 2811 1049 2871 et
1072 2810 1159 2875 orbi·

186 2892 278 2974 tatia,
307 2912 379 2955 cum
409 2891 573 2955 carissima
595 2892 731 2977 pignora
759 2892 848 2957 salua
869 2893 1011 2976 ipsorum
1033 2893 1160 2976 pietate

187 2976 387 3040 distraheret.
412 2976 658 3041 inueniebantur
672 2981 781 3042 tamen
803 2977 916 3060 quibus
932 2981 1044 3041 tantus
1066 3000 1160 3043 amor

254 3205 270 3251 3
288 3196 365 3266 uolo]
385 3199 449 3248 nolo
467 3200 523 3247 BV
540 3215 558 3248 ιι
575 3214 589 3248 r
604 3200 608 3263 Ι
624 3202 689 3264 quia
708 3202 724 3248 0
742 3198 785 3264 114
803 3215 929 3266 quaeque
947 3202 1069 3264 Lipsiuss
1087 3217 1162 3267 quae

187 3267 264 3334 11119
282 3263 460 3334 discriminis]
480 3267 650 3333 disceptanti
668 3268 757 3317 dicere
775 3267 939 3326 Coronaeus!
956 3267 1021 3318 nolo
1040 3270 1071 3318 0:
1093 3270 1162 3320 uolo

187 3336 208 3383 B
219 3338 241 3383 V
253 3337 285 3384 W
297 3333 307 3400 11
322 3338 351 3384 11
370 3335 532 3385 beneficium
545 3338 562 3384 0
575 3334 585 3398 11
599 3338 631 3384 14
649 3352 709 3385 cum
728 3336 832 3385 addicti:
850 3351 897 3386 om.
914 3337 942 3384 hi
954 3333 964 3399 11
979 3338 1011 3387 15
1030 3351 1161 3402 coegere.

187 3403 270 3451 iubis
283 3405 391 3465 scripsi:
410 3409 540 3468 cogerent
558 3403 602 3452 his
614 3404 666 3452 BV
685 3408 849 3468 cogerentur
860 3404 903 3453 his
915 3405 932 3459 Q
944 3404 977 3451 W
996 3410 1162 3468 coegerunt.

188 3469 231 3519 his
250 3470 288 3532 (in
306 3470 348 3519 his
366 3471 476 3535 Keiliur)
494 3471 641 3522 Coronaeus
653 3469 663 3536 11
681 3474 712 3520 21
732 3485 864 3536 sacroque
883 3471 941 3522 den.
959 3471 993 3518 W
1009 3470 1019 3536 1
1037 3474 1070 3522 25
1090 3472 1163 3523 ciui-

189 3537 240 3587 bus
259 3554 304 3587 cm.
322 3539 354 3586 W
372 3536 431 3601 1132
450 3536 551 3603 tamen]
571 3539 634 3589 inde
651 3540 679 3588 B.
