<?xml version="1.0" encoding="UTF-8"?>
<!DOCTYPE html PUBLIC "-//W3C//DTD XHTML 1.0 Transitional//EN"
    "http://www.w3.org/TR/xhtml1/DTD/xhtml1-transitional.dtd">
<html xmlns="http://www.w3.org/1999/xhtml" xml:lang="en" lang="en">
 <head>
  <title>
</title>
<meta http-equiv="Content-Type" content="text/html;charset=utf-8" />
  <meta name='ocr-system' content='tesseract 3.04.00' />
  <meta name='ocr-capabilities' content='ocr_page ocr_carea ocr_par ocr_line ocrx_word'/>
</head>
<body>
  <div class='ocr_page' id='page_1' title='image "./xiipanegyricila01baehgoog_0091.png"; bbox 0 0 2406 4012; ppageno 0'>
   <div class='ocr_carea' id='block_1_1' title="bbox 182 39 1196 253">
    <p class='ocr_par' dir='ltr' id='par_1_1' title="bbox 182 39 1196 265">
     <span class='ocr_line' id='line_1_1' title="bbox 182 39 1196 253; baseline 0 -21"><span class='ocrx_word' id='word_1_1' title='bbox 182 183 224 248; x_wconf 76' lang='lat'>58</span> <span class='ocrx_word' id='word_1_2' title='bbox 504 183 527 232; x_wconf 93' lang='lat'>1.</span> <span class='ocrx_word' id='word_1_3' title='bbox 560 181 590 236; x_wconf 86' lang='lat' dir='ltr'>c.</span> <span class='ocrx_word' id='word_1_4' title='bbox 608 183 724 233; x_wconf 82' lang='grc'>1111111</span> <span class='ocrx_word' id='word_1_5' title='bbox 741 181 821 232; x_wconf 75' lang='lat' dir='ltr'>Pau.</span> <span class='ocrx_word' id='word_1_6' title='bbox 1151 39 1196 253; x_wconf 45' lang='grc'>’1</span> 
     </span>
    </p>
   </div>
   <div class='ocr_carea' id='block_1_2' title="bbox 184 278 1196 477">
    <p class='ocr_par' dir='ltr' id='par_1_2' title="bbox 184 278 1196 477">
     <span class='ocr_line' id='line_1_2' title="bbox 184 278 1196 477; baseline -0.005 -80"><span class='ocrx_word' id='word_1_7' title='bbox 184 333 343 398; x_wconf 82' lang='lat' dir='ltr'>dicionem</span> <span class='ocrx_word' id='word_1_8' title='bbox 364 335 400 396; x_wconf 87' lang='lat' dir='ltr'>ut</span> <span class='ocrx_word' id='word_1_9' title='bbox 422 334 550 396; x_wconf 89' lang='lat' dir='ltr'>senatus</span> <span class='ocrx_word' id='word_1_10' title='bbox 570 332 662 394; x_wconf 89' lang='lat' dir='ltr'>fauor</span> <span class='ocrx_word' id='word_1_11' title='bbox 684 331 768 415; x_wconf 87' lang='lat' dir='ltr'>apud</span> <span class='ocrx_word' id='word_1_12' title='bbox 783 330 963 477; x_wconf 75' lang='lat' dir='ltr'>principem</span> <span class='ocrx_word' id='word_1_13' title='bbox 983 328 1069 394; x_wconf 88' lang='lat' dir='ltr'>haut</span> <span class='ocrx_word' id='word_1_14' title='bbox 1083 353 1157 431; x_wconf 80' lang='lat' dir='ltr'>prq-</span> <span class='ocrx_word' id='word_1_15' title='bbox 1191 278 1196 381; x_wconf 75' lang='lat' dir='ltr'>l</span> 
     </span>
    </p>
   </div>
   <div class='ocr_carea' id='block_1_3' title="bbox 141 415 1196 3012">
    <p class='ocr_par' dir='ltr' id='par_1_3' title="bbox 141 415 1196 3012">
     <span class='ocr_line' id='line_1_3' title="bbox 183 415 1196 501; baseline -0.001 -19"><span class='ocrx_word' id='word_1_16' title='bbox 183 420 240 501; x_wconf 88' lang='lat' dir='ltr'>sit,</span> <span class='ocrx_word' id='word_1_17' title='bbox 270 420 304 481; x_wconf 89' lang='lat' dir='ltr'>at</span> <span class='ocrx_word' id='word_1_18' title='bbox 325 416 463 481; x_wconf 77' lang='lat' dir='ltr'>noceat?</span> <span class='ocrx_word' id='word_1_19' title='bbox 500 437 609 479; x_wconf 90' lang='lat' dir='ltr'>nonne</span> <span class='ocrx_word' id='word_1_20' title='bbox 630 416 725 498; x_wconf 88' lang='lat' dir='ltr'>paulo</span> <span class='ocrx_word' id='word_1_21' title='bbox 753 417 829 478; x_wconf 90' lang='lat' dir='ltr'>aute</span> <span class='ocrx_word' id='word_1_22' title='bbox 852 416 886 477; x_wconf 92' lang='lat' dir='ltr'>ni</span> <span class='ocrx_word' id='word_1_23' title='bbox 911 415 934 478; x_wconf 90' lang='lat' dir='ltr'>il</span> <span class='ocrx_word' id='word_1_24' title='bbox 956 415 1065 500; x_wconf 86' lang='lat' dir='ltr'>magis</span> <span class='ocrx_word' id='word_1_25' title='bbox 1091 438 1155 481; x_wconf 85' lang='lat' dir='ltr'>exr-</span> <span class='ocrx_word' id='word_1_26' title='bbox 1189 424 1196 499; x_wconf 65' lang='grc' dir='ltr'>ξ</span> 
     </span>
     <span class='ocr_line' id='line_1_4' title="bbox 182 497 1154 584; baseline -0.001 -17"><span class='ocrx_word' id='word_1_27' title='bbox 182 503 259 567; x_wconf 86' lang='lat' dir='ltr'>tiele</span> <span class='ocrx_word' id='word_1_28' title='bbox 282 505 351 566; x_wconf 89' lang='lat' dir='ltr'>erat</span> <span class='ocrx_word' id='word_1_29' title='bbox 365 523 461 584; x_wconf 87' lang='lat' dir='ltr'>quem</span> <span class='ocrx_word' id='word_1_30' title='bbox 483 500 539 562; x_wconf 91' lang='lat' dir='ltr'>illa</span> <span class='ocrx_word' id='word_1_31' title='bbox 553 499 706 583; x_wconf 90' lang='lat' dir='ltr'>principis</span> <span class='ocrx_word' id='word_1_32' title='bbox 722 500 875 584; x_wconf 74' lang='lat' dir='ltr'>cogitatio</span> <span class='ocrx_word' id='word_1_33' title='bbox 897 497 994 563; x_wconf 81' lang='lat' dir='ltr'>‘hunc</span> <span class='ocrx_word' id='word_1_34' title='bbox 1019 504 1154 566; x_wconf 85' lang='lat' dir='ltr'>senatus</span> 
     </span>
     <span class='ocr_line' id='line_1_5' title="bbox 183 581 1196 671; baseline 0 -21"><span class='ocrx_word' id='word_1_35' title='bbox 183 588 314 671; x_wconf 87' lang='lat' dir='ltr'>probat,</span> <span class='ocrx_word' id='word_1_36' title='bbox 348 586 402 649; x_wconf 93' lang='lat' dir='ltr'>hic</span> <span class='ocrx_word' id='word_1_37' title='bbox 435 585 562 648; x_wconf 89' lang='lat' dir='ltr'>senatui</span> <span class='ocrx_word' id='word_1_38' title='bbox 595 604 685 647; x_wconf 89' lang='lat' dir='ltr'>carus</span> <span class='ocrx_word' id='word_1_39' title='bbox 714 582 799 647; x_wconf 78' lang='lat' dir='ltr'>est’?</span> <span class='ocrx_word' id='word_1_40' title='bbox 842 581 953 647; x_wconf 84' lang='lat' dir='ltr'>oderat</span> <span class='ocrx_word' id='word_1_41' title='bbox 979 605 1063 668; x_wconf 89' lang='lat' dir='ltr'>quos</span> <span class='ocrx_word' id='word_1_42' title='bbox 1094 607 1152 650; x_wconf 91' lang='lat' dir='ltr'>nos</span> <span class='ocrx_word' id='word_1_43' title='bbox 1194 592 1196 597; x_wconf 84' lang='lat'>&#39;</span> 
     </span>
     <span class='ocr_line' id='line_1_6' title="bbox 156 668 1187 753; baseline 0.005 -23"><span class='ocrx_word' id='word_1_44' title='bbox 156 690 377 753; x_wconf 78' lang='lat' dir='ltr'>samaremuS,</span> <span class='ocrx_word' id='word_1_45' title='bbox 407 669 462 733; x_wconf 91' lang='lat' dir='ltr'>sed</span> <span class='ocrx_word' id='word_1_46' title='bbox 490 671 521 732; x_wconf 92' lang='lat' dir='ltr'>et</span> <span class='ocrx_word' id='word_1_47' title='bbox 547 689 607 732; x_wconf 92' lang='lat' dir='ltr'>nos</span> <span class='ocrx_word' id='word_1_48' title='bbox 635 688 712 751; x_wconf 90' lang='lat' dir='ltr'>qnos</span> <span class='ocrx_word' id='word_1_49' title='bbox 736 668 802 731; x_wconf 90' lang='lat' dir='ltr'>ille.</span> <span class='ocrx_word' id='word_1_50' title='bbox 846 688 933 732; x_wconf 90' lang='lat' dir='ltr'>nunc</span> <span class='ocrx_word' id='word_1_51' title='bbox 955 668 1044 733; x_wconf 86' lang='lat' dir='ltr'>inter</span> <span class='ocrx_word' id='word_1_52' title='bbox 1064 671 1152 753; x_wconf 89' lang='lat' dir='ltr'>prin·</span> <span class='ocrx_word' id='word_1_53' title='bbox 1182 708 1187 715; x_wconf 93' lang='lat'><em>·</em></span> 
     </span>
     <span class='ocr_line' id='line_1_7' title="bbox 185 751 1152 838; baseline -0.001 -19"><span class='ocrx_word' id='word_1_54' title='bbox 185 756 288 838; x_wconf 89' lang='lat' dir='ltr'>cipem</span> <span class='ocrx_word' id='word_1_55' title='bbox 309 756 518 836; x_wconf 88' lang='lat' dir='ltr'>senatumque</span> <span class='ocrx_word' id='word_1_56' title='bbox 540 752 722 836; x_wconf 79' lang='lat' dir='ltr'>dignissimi</span> <span class='ocrx_word' id='word_1_57' title='bbox 750 752 901 835; x_wconf 88' lang='lat' dir='ltr'>cuiusque</span> <span class='ocrx_word' id='word_1_58' title='bbox 924 751 1061 818; x_wconf 86' lang='lat' dir='ltr'>caritate</span> <span class='ocrx_word' id='word_1_59' title='bbox 1087 775 1152 818; x_wconf 84' lang='lat' dir='ltr'>eer-</span> 
     </span>
     <span class='ocr_line' id='line_1_8' title="bbox 183 835 1196 921; baseline 0.001 -19"><span class='ocrx_word' id='word_1_60' title='bbox 183 843 278 903; x_wconf 88' lang='lat' dir='ltr'>tatur.</span> <span class='ocrx_word' id='word_1_61' title='bbox 329 839 584 902; x_wconf 78' lang='lat' dir='ltr'>demonstramus</span> <span class='ocrx_word' id='word_1_62' title='bbox 616 836 768 918; x_wconf 88' lang='lat' dir='ltr'>inuicem,</span> <span class='ocrx_word' id='word_1_63' title='bbox 807 835 964 900; x_wconf 86' lang='lat' dir='ltr'>eredimus</span> <span class='ocrx_word' id='word_1_64' title='bbox 996 837 1150 921; x_wconf 88' lang='lat' dir='ltr'>inuicem,</span> <span class='ocrx_word' id='word_1_65' title='bbox 1194 864 1196 875; x_wconf 91' lang='lat'>·</span> 
     </span>
     <span class='ocr_line' id='line_1_9' title="bbox 183 920 1151 1007; baseline -0.001 -19"><span class='ocrx_word' id='word_1_66' title='bbox 183 924 328 1007; x_wconf 91' lang='lat' dir='ltr'>quodque</span> <span class='ocrx_word' id='word_1_67' title='bbox 356 922 529 986; x_wconf 87' lang='lat' dir='ltr'>maximum</span> <span class='ocrx_word' id='word_1_68' title='bbox 557 921 675 984; x_wconf 88' lang='lat' dir='ltr'>amoris</span> <span class='ocrx_word' id='word_1_69' title='bbox 702 920 806 983; x_wconf 92' lang='lat' dir='ltr'>mutui</span> <span class='ocrx_word' id='word_1_70' title='bbox 834 921 962 1004; x_wconf 86' lang='lat' dir='ltr'>signum</span> <span class='ocrx_word' id='word_1_71' title='bbox 985 926 1050 1004; x_wconf 88' lang='lat' dir='ltr'>est,</span> <span class='ocrx_word' id='word_1_72' title='bbox 1085 944 1151 987; x_wconf 90' lang='lat' dir='ltr'>eos·</span> 
     </span>
     <span class='ocr_line' id='line_1_10' title="bbox 183 1004 1196 1089; baseline 0.004 -18"><span class='ocrx_word' id='word_1_73' title='bbox 183 1009 254 1073; x_wconf 91' lang='lat' dir='ltr'>dem</span> <span class='ocrx_word' id='word_1_74' title='bbox 285 1029 437 1071; x_wconf 90' lang='lat' dir='ltr'>amamus.</span> <span class='ocrx_word' id='word_1_75' title='bbox 490 1006 640 1089; x_wconf 85' lang='lat' dir='ltr'>proinde,</span> <span class='ocrx_word' id='word_1_76' title='bbox 676 1007 783 1088; x_wconf 88' lang='lat' dir='ltr'>patres</span> <span class='ocrx_word' id='word_1_77' title='bbox 814 1004 1005 1088; x_wconf 80' lang='lat' dir='ltr'>conscripti,</span> <span class='ocrx_word' id='word_1_78' title='bbox 1040 1006 1151 1073; x_wconf 87' lang='lat' dir='ltr'>fauete</span> <span class='ocrx_word' id='word_1_79' title='bbox 1194 1066 1196 1075; x_wconf 93' lang='lat'><em>.</em></span> 
     </span>
     <span class='ocr_line' id='line_1_11' title="bbox 143 1088 1151 1177; baseline 0 -21"><span class='ocrx_word' id='word_1_80' title='bbox 143 1111 169 1150; x_wconf 67' lang='grc' dir='ltr'>ιο</span> <span class='ocrx_word' id='word_1_81' title='bbox 183 1095 308 1177; x_wconf 85' lang='lat' dir='ltr'>aperte,</span> <span class='ocrx_word' id='word_1_82' title='bbox 340 1092 464 1175; x_wconf 83' lang='lat' dir='ltr'>diligite</span> <span class='ocrx_word' id='word_1_83' title='bbox 486 1093 680 1153; x_wconf 84' lang='lat' dir='ltr'>constanter.</span> <span class='ocrx_word' id='word_1_84' title='bbox 727 1110 793 1152; x_wconf 89' lang='lat' dir='ltr'>non</span> <span class='ocrx_word' id='word_1_85' title='bbox 816 1091 878 1152; x_wconf 89' lang='lat' dir='ltr'>iam</span> <span class='ocrx_word' id='word_1_86' title='bbox 902 1088 1151 1156; x_wconf 75' lang='lat' dir='ltr'>dissimulandas</span> 
     </span>
     <span class='ocr_line' id='line_1_12' title="bbox 183 1173 1151 1258; baseline 0.001 -18"><span class='ocrx_word' id='word_1_87' title='bbox 183 1181 232 1240; x_wconf 91' lang='lat' dir='ltr'>est</span> <span class='ocrx_word' id='word_1_88' title='bbox 259 1197 347 1239; x_wconf 91' lang='lat' dir='ltr'>amor</span> <span class='ocrx_word' id='word_1_89' title='bbox 382 1196 423 1238; x_wconf 89' lang='lat' dir='ltr'>ne</span> <span class='ocrx_word' id='word_1_90' title='bbox 455 1177 584 1258; x_wconf 69' lang='lat' dir='ltr'>noceat,</span> <span class='ocrx_word' id='word_1_91' title='bbox 626 1194 694 1237; x_wconf 91' lang='lat' dir='ltr'>non</span> <span class='ocrx_word' id='word_1_92' title='bbox 720 1174 928 1256; x_wconf 91' lang='lat' dir='ltr'>premendum</span> <span class='ocrx_word' id='word_1_93' title='bbox 960 1173 1072 1239; x_wconf 92' lang='lat' dir='ltr'>odium</span> <span class='ocrx_word' id='word_1_94' title='bbox 1110 1198 1151 1241; x_wconf 85' lang='lat' dir='ltr'>ne</span> 
     </span>
     <span class='ocr_line' id='line_1_13' title="bbox 182 1257 1152 1344; baseline 0.001 -20"><span class='ocrx_word' id='word_1_95' title='bbox 182 1261 299 1344; x_wconf 87' lang='lat' dir='ltr'>prosit:</span> <span class='ocrx_word' id='word_1_96' title='bbox 328 1259 437 1323; x_wconf 90' lang='lat' dir='ltr'>eadem</span> <span class='ocrx_word' id='word_1_97' title='bbox 453 1257 570 1323; x_wconf 81' lang='lat' dir='ltr'>Caesar</span> <span class='ocrx_word' id='word_1_98' title='bbox 592 1279 671 1341; x_wconf 90' lang='lat' dir='ltr'>qnae</span> <span class='ocrx_word' id='word_1_99' title='bbox 694 1261 822 1321; x_wconf 90' lang='lat' dir='ltr'>senatus</span> <span class='ocrx_word' id='word_1_100' title='bbox 837 1259 954 1341; x_wconf 89' lang='lat' dir='ltr'>probat</span> <span class='ocrx_word' id='word_1_101' title='bbox 973 1258 1152 1343; x_wconf 86' lang='lat' dir='ltr'>improbat-</span> 
     </span>
     <span class='ocr_line' id='line_1_14' title="bbox 183 1342 1150 1427; baseline 0.002 -20"><span class='ocrx_word' id='word_1_102' title='bbox 183 1366 253 1427; x_wconf 89' lang='lat' dir='ltr'>que.</span> <span class='ocrx_word' id='word_1_103' title='bbox 284 1364 341 1407; x_wconf 93' lang='lat' dir='ltr'>uos</span> <span class='ocrx_word' id='word_1_104' title='bbox 364 1343 418 1406; x_wconf 93' lang='lat' dir='ltr'>ille</span> <span class='ocrx_word' id='word_1_105' title='bbox 433 1344 627 1425; x_wconf 81' lang='lat' dir='ltr'>praesentes,</span> <span class='ocrx_word' id='word_1_106' title='bbox 651 1364 708 1406; x_wconf 89' lang='lat' dir='ltr'>uos</span> <span class='ocrx_word' id='word_1_107' title='bbox 731 1343 828 1406; x_wconf 92' lang='lat' dir='ltr'>etiam</span> <span class='ocrx_word' id='word_1_108' title='bbox 851 1342 1001 1406; x_wconf 86' lang='lat' dir='ltr'>absentes</span> <span class='ocrx_word' id='word_1_109' title='bbox 1023 1345 1059 1408; x_wconf 91' lang='lat' dir='ltr'>in</span> <span class='ocrx_word' id='word_1_110' title='bbox 1076 1366 1150 1410; x_wconf 90' lang='lat' dir='ltr'>con-</span> 
     </span>
     <span class='ocr_line' id='line_1_15' title="bbox 183 1426 1150 1513; baseline 0.002 -21"><span class='ocrx_word' id='word_1_111' title='bbox 183 1429 253 1493; x_wconf 88' lang='lat' dir='ltr'>silio</span> <span class='ocrx_word' id='word_1_112' title='bbox 276 1428 383 1492; x_wconf 88' lang='lat' dir='ltr'>habet.</span> <span class='ocrx_word' id='word_1_113' title='bbox 414 1427 510 1491; x_wconf 87' lang='lat' dir='ltr'>tertio</span> <span class='ocrx_word' id='word_1_114' title='bbox 534 1428 679 1491; x_wconf 89' lang='lat' dir='ltr'>consules</span> <span class='ocrx_word' id='word_1_115' title='bbox 693 1426 771 1490; x_wconf 86' lang='lat' dir='ltr'>fecit</span> <span class='ocrx_word' id='word_1_116' title='bbox 793 1448 870 1510; x_wconf 92' lang='lat' dir='ltr'>quos</span> <span class='ocrx_word' id='word_1_117' title='bbox 892 1448 950 1490; x_wconf 90' lang='lat' dir='ltr'>uos</span> <span class='ocrx_word' id='word_1_118' title='bbox 966 1426 1150 1513; x_wconf 83' lang='lat' dir='ltr'>elegeratis,</span> 
     </span>
     <span class='ocr_line' id='line_1_16' title="bbox 145 1511 1150 1596; baseline 0.001 -19"><span class='ocrx_word' id='word_1_119' title='bbox 145 1529 170 1570; x_wconf 83' lang='lat'>15</span> <span class='ocrx_word' id='word_1_120' title='bbox 184 1516 215 1578; x_wconf 90' lang='lat' dir='ltr'>et</span> <span class='ocrx_word' id='word_1_121' title='bbox 229 1513 307 1577; x_wconf 90' lang='lat' dir='ltr'>fecit</span> <span class='ocrx_word' id='word_1_122' title='bbox 327 1512 388 1576; x_wconf 92' lang='lat' dir='ltr'>hoc</span> <span class='ocrx_word' id='word_1_123' title='bbox 404 1512 514 1576; x_wconf 88' lang='lat' dir='ltr'>ordine</span> <span class='ocrx_word' id='word_1_124' title='bbox 538 1533 599 1596; x_wconf 90' lang='lat' dir='ltr'>quo</span> <span class='ocrx_word' id='word_1_125' title='bbox 622 1511 715 1575; x_wconf 87' lang='lat' dir='ltr'>electi</span> <span class='ocrx_word' id='word_1_126' title='bbox 737 1511 861 1575; x_wconf 85' lang='lat' dir='ltr'>euobis</span> <span class='ocrx_word' id='word_1_127' title='bbox 879 1514 981 1576; x_wconf 88' lang='lat' dir='ltr'>erant.</span> <span class='ocrx_word' id='word_1_128' title='bbox 1011 1534 1066 1576; x_wconf 91' lang='lat' dir='ltr'>ma</span> <span class='ocrx_word' id='word_1_129' title='bbox 1115 1536 1150 1578; x_wconf 87' lang='lat' dir='ltr'>us</span> 
     </span>
     <span class='ocr_line' id='line_1_17' title="bbox 182 1596 1137 1683; baseline -0.001 -20"><span class='ocrx_word' id='word_1_130' title='bbox 182 1602 314 1682; x_wconf 86' lang='lat' dir='ltr'>uterque</span> <span class='ocrx_word' id='word_1_131' title='bbox 341 1596 443 1661; x_wconf 91' lang='lat' dir='ltr'>honor</span> <span class='ocrx_word' id='word_1_132' title='bbox 470 1601 591 1680; x_wconf 92' lang='lat' dir='ltr'>uester,</span> <span class='ocrx_word' id='word_1_133' title='bbox 625 1596 692 1660; x_wconf 88' lang='lat' dir='ltr'>siue</span> <span class='ocrx_word' id='word_1_134' title='bbox 720 1596 846 1660; x_wconf 90' lang='lat' dir='ltr'>eosdem</span> <span class='ocrx_word' id='word_1_135' title='bbox 875 1597 1013 1661; x_wconf 85' lang='lat' dir='ltr'>maxime</span> <span class='ocrx_word' id='word_1_136' title='bbox 1042 1598 1076 1661; x_wconf 94' lang='lat' dir='ltr'>di</span> <span class='ocrx_word' id='word_1_137' title='bbox 1091 1599 1137 1683; x_wconf 80' lang='lat' dir='ltr'>igi</span> 
     </span>
     <span class='ocr_line' id='line_1_18' title="bbox 182 1680 1150 1767; baseline 0 -20"><span class='ocrx_word' id='word_1_138' title='bbox 182 1705 261 1767; x_wconf 91' lang='lat' dir='ltr'>quos</span> <span class='ocrx_word' id='word_1_139' title='bbox 289 1683 350 1747; x_wconf 87' lang='lat' dir='ltr'>scit</span> <span class='ocrx_word' id='word_1_140' title='bbox 377 1682 468 1746; x_wconf 92' lang='lat' dir='ltr'>uobis</span> <span class='ocrx_word' id='word_1_141' title='bbox 497 1704 565 1746; x_wconf 88' lang='lat' dir='ltr'>esse</span> <span class='ocrx_word' id='word_1_142' title='bbox 594 1681 774 1745; x_wconf 88' lang='lat' dir='ltr'>carissimos</span> <span class='ocrx_word' id='word_1_143' title='bbox 804 1681 871 1744; x_wconf 87' lang='lat' dir='ltr'>siue</span> <span class='ocrx_word' id='word_1_144' title='bbox 898 1680 962 1745; x_wconf 90' lang='grc'>11111</span> <span class='ocrx_word' id='word_1_145' title='bbox 984 1683 1150 1747; x_wconf 89' lang='lat' dir='ltr'>neminem</span> 
     </span>
     <span class='ocr_line' id='line_1_19' title="bbox 181 1764 1150 1851; baseline 0.001 -21"><span class='ocrx_word' id='word_1_146' title='bbox 181 1767 338 1851; x_wconf 88' lang='lat' dir='ltr'>praefert,</span> <span class='ocrx_word' id='word_1_147' title='bbox 372 1767 518 1850; x_wconf 89' lang='lat' dir='ltr'>quamuis</span> <span class='ocrx_word' id='word_1_148' title='bbox 545 1766 683 1849; x_wconf 89' lang='lat' dir='ltr'>aliquem</span> <span class='ocrx_word' id='word_1_149' title='bbox 711 1764 814 1849; x_wconf 85' lang='lat' dir='ltr'>magis</span> <span class='ocrx_word' id='word_1_150' title='bbox 844 1767 946 1830; x_wconf 89' lang='lat' dir='ltr'>amet:</span> <span class='ocrx_word' id='word_1_151' title='bbox 982 1768 1150 1850; x_wconf 87' lang='lat' dir='ltr'>proposita</span> 
     </span>
     <span class='ocr_line' id='line_1_20' title="bbox 183 1849 1149 1935; baseline 0.001 -21"><span class='ocrx_word' id='word_1_152' title='bbox 183 1856 258 1914; x_wconf 91' lang='lat' dir='ltr'>sunt</span> <span class='ocrx_word' id='word_1_153' title='bbox 278 1851 456 1915; x_wconf 89' lang='lat' dir='ltr'>senioribus</span> <span class='ocrx_word' id='word_1_154' title='bbox 470 1851 622 1933; x_wconf 86' lang='lat' dir='ltr'>praemia,</span> <span class='ocrx_word' id='word_1_155' title='bbox 645 1849 813 1913; x_wconf 91' lang='lat' dir='ltr'>iuuenibus</span> <span class='ocrx_word' id='word_1_156' title='bbox 836 1849 994 1931; x_wconf 85' lang='lat' dir='ltr'>exempla:</span> <span class='ocrx_word' id='word_1_157' title='bbox 1019 1851 1149 1935; x_wconf 86' lang='lat' dir='ltr'>adeant,</span> 
     </span>
     <span class='ocr_line' id='line_1_21' title="bbox 144 1933 1150 2020; baseline 0.002 -22"><span class='ocrx_word' id='word_1_158' title='bbox 144 1953 170 1991; x_wconf 78' lang='lat'>20</span> <span class='ocrx_word' id='word_1_159' title='bbox 182 1935 389 2020; x_wconf 87' lang='lat' dir='ltr'>frequentent</span> <span class='ocrx_word' id='word_1_160' title='bbox 410 1955 537 1998; x_wconf 91' lang='lat' dir='ltr'>securas</span> <span class='ocrx_word' id='word_1_161' title='bbox 551 1935 683 1997; x_wconf 88' lang='lat' dir='ltr'>tandem</span> <span class='ocrx_word' id='word_1_162' title='bbox 699 1954 736 1997; x_wconf 91' lang='lat' dir='ltr'>ac</span> <span class='ocrx_word' id='word_1_163' title='bbox 749 1936 897 2017; x_wconf 87' lang='lat' dir='ltr'>patentes</span> <span class='ocrx_word' id='word_1_164' title='bbox 913 1933 1041 1999; x_wconf 88' lang='lat' dir='ltr'>domos:</span> <span class='ocrx_word' id='word_1_165' title='bbox 1065 1936 1150 2019; x_wconf 91' lang='lat' dir='ltr'>quis·</span> 
     </span>
     <span class='ocr_line' id='line_1_22' title="bbox 183 2017 1151 2102; baseline 0.003 -20"><span class='ocrx_word' id='word_1_166' title='bbox 183 2019 253 2102; x_wconf 88' lang='lat' dir='ltr'>quis</span> <span class='ocrx_word' id='word_1_167' title='bbox 281 2018 434 2102; x_wconf 88' lang='lat' dir='ltr'>probatos</span> <span class='ocrx_word' id='word_1_168' title='bbox 467 2018 591 2081; x_wconf 90' lang='lat' dir='ltr'>senatui</span> <span class='ocrx_word' id='word_1_169' title='bbox 621 2018 706 2081; x_wconf 91' lang='lat' dir='ltr'>uiros</span> <span class='ocrx_word' id='word_1_170' title='bbox 741 2018 888 2101; x_wconf 86' lang='lat' dir='ltr'>suspicit,</span> <span class='ocrx_word' id='word_1_171' title='bbox 926 2017 979 2082; x_wconf 88' lang='lat' dir='ltr'>hic</span> <span class='ocrx_word' id='word_1_172' title='bbox 1010 2022 1151 2085; x_wconf 85' lang='lat' dir='ltr'>maxime</span> 
     </span>
     <span class='ocr_line' id='line_1_23' title="bbox 181 2102 1152 2188; baseline 0.003 -22"><span class='ocrx_word' id='word_1_173' title='bbox 181 2103 360 2187; x_wconf 89' lang='lat' dir='ltr'>principem</span> <span class='ocrx_word' id='word_1_174' title='bbox 388 2105 594 2186; x_wconf 89' lang='lat' dir='ltr'>promeretur.</span> <span class='ocrx_word' id='word_1_175' title='bbox 639 2102 700 2166; x_wconf 89' lang='lat' dir='ltr'>sibi</span> <span class='ocrx_word' id='word_1_176' title='bbox 733 2103 819 2165; x_wconf 92' lang='lat' dir='ltr'>enim</span> <span class='ocrx_word' id='word_1_177' title='bbox 848 2124 1028 2168; x_wconf 88' lang='lat' dir='ltr'>accrescere</span> <span class='ocrx_word' id='word_1_178' title='bbox 1056 2108 1152 2188; x_wconf 85' lang='lat' dir='ltr'>putat</span> 
     </span>
     <span class='ocr_line' id='line_1_24' title="bbox 182 2186 1151 2274; baseline 0.004 -24"><span class='ocrx_word' id='word_1_179' title='bbox 182 2187 267 2272; x_wconf 89' lang='lat' dir='ltr'>qnod</span> <span class='ocrx_word' id='word_1_180' title='bbox 300 2187 413 2271; x_wconf 89' lang='lat' dir='ltr'>cuique</span> <span class='ocrx_word' id='word_1_181' title='bbox 445 2187 625 2251; x_wconf 89' lang='lat' dir='ltr'>adstruatur</span> <span class='ocrx_word' id='word_1_182' title='bbox 659 2186 843 2271; x_wconf 85' lang='lat' dir='ltr'>nullamque</span> <span class='ocrx_word' id='word_1_183' title='bbox 874 2187 910 2250; x_wconf 92' lang='lat' dir='ltr'>in</span> <span class='ocrx_word' id='word_1_184' title='bbox 938 2208 975 2253; x_wconf 90' lang='lat' dir='ltr'>eo</span> <span class='ocrx_word' id='word_1_185' title='bbox 1011 2189 1151 2274; x_wconf 80' lang='lat' dir='ltr'>gloriam</span> 
     </span>
     <span class='ocr_line' id='line_1_25' title="bbox 181 2272 1152 2358; baseline -0.001 -20"><span class='ocrx_word' id='word_1_186' title='bbox 181 2274 274 2358; x_wconf 84' lang='lat' dir='ltr'>ponit</span> <span class='ocrx_word' id='word_1_187' title='bbox 296 2272 381 2358; x_wconf 89' lang='lat' dir='ltr'>quod</span> <span class='ocrx_word' id='word_1_188' title='bbox 409 2273 452 2337; x_wconf 91' lang='lat' dir='ltr'>sit</span> <span class='ocrx_word' id='word_1_189' title='bbox 473 2272 621 2336; x_wconf 91' lang='lat' dir='ltr'>omnibus</span> <span class='ocrx_word' id='word_1_190' title='bbox 644 2272 761 2356; x_wconf 89' lang='lat' dir='ltr'>maior,</span> <span class='ocrx_word' id='word_1_191' title='bbox 789 2272 852 2337; x_wconf 90' lang='lat' dir='ltr'>nisi</span> <span class='ocrx_word' id='word_1_192' title='bbox 874 2273 1005 2337; x_wconf 84' lang='lat' dir='ltr'>maximi</span> <span class='ocrx_word' id='word_1_193' title='bbox 1027 2273 1152 2339; x_wconf 83' lang='lat' dir='ltr'>fuerint</span> 
     </span>
     <span class='ocr_line' id='line_1_26' title="bbox 141 2356 1151 2443; baseline 0.005 -25"><span class='ocrx_word' id='word_1_194' title='bbox 141 2375 168 2416; x_wconf 77' lang='lat'>25</span> <span class='ocrx_word' id='word_1_195' title='bbox 182 2359 295 2443; x_wconf 88' lang='lat' dir='ltr'>quibus</span> <span class='ocrx_word' id='word_1_196' title='bbox 324 2359 426 2423; x_wconf 87' lang='lat' dir='ltr'>maior</span> <span class='ocrx_word' id='word_1_197' title='bbox 454 2361 511 2423; x_wconf 87' lang='lat' dir='ltr'>est.</span> <span class='ocrx_word' id='word_1_198' title='bbox 555 2361 663 2443; x_wconf 88' lang='lat' dir='ltr'>persta</span> <span class='ocrx_word' id='word_1_199' title='bbox 670 2409 679 2439; x_wconf 90' lang='lat'><em>‚</em></span> <span class='ocrx_word' id='word_1_200' title='bbox 710 2356 841 2440; x_wconf 81' lang='lat' dir='ltr'>Caesar,</span> <span class='ocrx_word' id='word_1_201' title='bbox 870 2357 906 2422; x_wconf 92' lang='lat' dir='ltr'>in</span> <span class='ocrx_word' id='word_1_202' title='bbox 932 2358 996 2422; x_wconf 85' lang='lat' dir='ltr'>ista</span> <span class='ocrx_word' id='word_1_203' title='bbox 1021 2360 1151 2423; x_wconf 85' lang='lat' dir='ltr'>ratione</span> 
     </span>
     <span class='ocr_line' id='line_1_27' title="bbox 181 2442 1151 2528; baseline -0.001 -20"><span class='ocrx_word' id='word_1_204' title='bbox 181 2445 338 2528; x_wconf 89' lang='lat' dir='ltr'>propositi</span> <span class='ocrx_word' id='word_1_205' title='bbox 371 2445 513 2528; x_wconf 87' lang='lat' dir='ltr'>talesque</span> <span class='ocrx_word' id='word_1_206' title='bbox 540 2466 600 2509; x_wconf 90' lang='lat' dir='ltr'>nos</span> <span class='ocrx_word' id='word_1_207' title='bbox 628 2445 721 2509; x_wconf 89' lang='lat' dir='ltr'>crede</span> <span class='ocrx_word' id='word_1_208' title='bbox 749 2444 852 2527; x_wconf 90' lang='lat' dir='ltr'>qualis</span> <span class='ocrx_word' id='word_1_209' title='bbox 880 2442 968 2507; x_wconf 87' lang='lat' dir='ltr'>fama</span> <span class='ocrx_word' id='word_1_210' title='bbox 995 2444 1151 2527; x_wconf 87' lang='lat' dir='ltr'>cuiusque</span> 
     </span>
     <span class='ocr_line' id='line_1_28' title="bbox 181 2528 1151 2612; baseline -0.001 -20"><span class='ocrx_word' id='word_1_211' title='bbox 181 2533 238 2592; x_wconf 90' lang='lat' dir='ltr'>est.</span> <span class='ocrx_word' id='word_1_212' title='bbox 284 2530 357 2593; x_wconf 92' lang='lat' dir='ltr'>huic</span> <span class='ocrx_word' id='word_1_213' title='bbox 380 2551 483 2610; x_wconf 89' lang='lat' dir='ltr'>aures,</span> <span class='ocrx_word' id='word_1_214' title='bbox 507 2529 582 2593; x_wconf 92' lang='lat' dir='ltr'>hnic</span> <span class='ocrx_word' id='word_1_215' title='bbox 605 2529 712 2594; x_wconf 88' lang='lat' dir='ltr'>oculos</span> <span class='ocrx_word' id='word_1_216' title='bbox 734 2528 883 2592; x_wconf 85' lang='lat' dir='ltr'>intende:</span> <span class='ocrx_word' id='word_1_217' title='bbox 905 2548 947 2591; x_wconf 90' lang='lat' dir='ltr'>ne</span> <span class='ocrx_word' id='word_1_218' title='bbox 968 2529 1151 2612; x_wconf 87' lang='lat' dir='ltr'>respexeris</span> 
     </span>
     <span class='ocr_line' id='line_1_29' title="bbox 182 2612 1152 2697; baseline 0.002 -22"><span class='ocrx_word' id='word_1_219' title='bbox 182 2613 396 2676; x_wconf 88' lang='lat' dir='ltr'>clandestinas</span> <span class='ocrx_word' id='word_1_220' title='bbox 430 2614 682 2676; x_wconf 85' lang='lat' dir='ltr'>existimationes</span> <span class='ocrx_word' id='word_1_221' title='bbox 717 2612 877 2696; x_wconf 89' lang='lat' dir='ltr'>nullisque</span> <span class='ocrx_word' id='word_1_222' title='bbox 909 2612 1015 2697; x_wconf 87' lang='lat' dir='ltr'>magis</span> <span class='ocrx_word' id='word_1_223' title='bbox 1054 2633 1152 2696; x_wconf 84' lang='lat' dir='ltr'>quam</span> 
     </span>
     <span class='ocr_line' id='line_1_30' title="bbox 181 2694 1151 2761; baseline 0.005 -4"><span class='ocrx_word' id='word_1_224' title='bbox 181 2694 382 2759; x_wconf 88' lang='lat' dir='ltr'>audientibus</span> <span class='ocrx_word' id='word_1_225' title='bbox 418 2696 609 2760; x_wconf 88' lang='lat' dir='ltr'>insidiantes</span> <span class='ocrx_word' id='word_1_226' title='bbox 645 2718 797 2761; x_wconf 89' lang='lat' dir='ltr'>susurros.</span> <span class='ocrx_word' id='word_1_227' title='bbox 848 2697 962 2761; x_wconf 88' lang='lat' dir='ltr'>melius</span> <span class='ocrx_word' id='word_1_228' title='bbox 998 2697 1151 2761; x_wconf 87' lang='lat' dir='ltr'>omnibus</span> 
     </span>
     <span class='ocr_line' id='line_1_31' title="bbox 143 2779 1153 2866; baseline 0.007 -29"><span class='ocrx_word' id='word_1_229' title='bbox 143 2798 168 2837; x_wconf 85' lang='lat' dir='ltr'>ao</span> <span class='ocrx_word' id='word_1_230' title='bbox 181 2801 275 2864; x_wconf 91' lang='lat' dir='ltr'>quam</span> <span class='ocrx_word' id='word_1_231' title='bbox 308 2779 444 2864; x_wconf 82' lang='lat' dir='ltr'>singulis</span> <span class='ocrx_word' id='word_1_232' title='bbox 481 2779 627 2844; x_wconf 90' lang='lat' dir='ltr'>ereditur.</span> <span class='ocrx_word' id='word_1_233' title='bbox 679 2781 797 2866; x_wconf 84' lang='lat' dir='ltr'>singuli</span> <span class='ocrx_word' id='word_1_234' title='bbox 826 2782 912 2845; x_wconf 91' lang='lat' dir='ltr'>enim</span> <span class='ocrx_word' id='word_1_235' title='bbox 939 2781 1090 2864; x_wconf 89' lang='lat' dir='ltr'>decipere</span> <span class='ocrx_word' id='word_1_236' title='bbox 1121 2784 1153 2846; x_wconf 88' lang='lat' dir='ltr'>et</span> 
     </span>
     <span class='ocr_line' id='line_1_32' title="bbox 180 2864 1153 3012; baseline 0 -84"><span class='ocrx_word' id='word_1_237' title='bbox 180 2864 284 3012; x_wconf 61' lang='lat' dir='ltr'>pecipi</span> <span class='ocrx_word' id='word_1_238' title='bbox 306 2867 454 2947; x_wconf 91' lang='lat' dir='ltr'>possunt:</span> <span class='ocrx_word' id='word_1_239' title='bbox 479 2886 573 2928; x_wconf 89' lang='lat' dir='ltr'>nemo</span> <span class='ocrx_word' id='word_1_240' title='bbox 596 2886 715 2948; x_wconf 88' lang='lat' dir='ltr'>omnes,</span> <span class='ocrx_word' id='word_1_241' title='bbox 739 2866 900 2929; x_wconf 90' lang='lat' dir='ltr'>neminem</span> <span class='ocrx_word' id='word_1_242' title='bbox 922 2886 1035 2930; x_wconf 89' lang='lat' dir='ltr'>omnes</span> <span class='ocrx_word' id='word_1_243' title='bbox 1057 2865 1153 2931; x_wconf 85' lang='lat' dir='ltr'>fefel-</span> 
     </span>
     <span class='ocr_line' id='line_1_33' title="bbox 194 2949 285 3012; baseline 0.011 -1"><span class='ocrx_word' id='word_1_244' title='bbox 194 2949 285 3012; x_wconf 85' lang='lat' dir='ltr'>erint.</span> 
     </span>
    </p>
   </div>
   <div class='ocr_carea' id='block_1_4' title="bbox 179 3169 1156 3561">
    <p class='ocr_par' dir='ltr' id='par_1_4' title="bbox 179 3169 1156 3561">
     <span class='ocr_line' id='line_1_34' title="bbox 249 3169 1155 3238; baseline -0.002 -14"><span class='ocrx_word' id='word_1_245' title='bbox 249 3176 261 3223; x_wconf 90' lang='lat'>1</span> <span class='ocrx_word' id='word_1_246' title='bbox 282 3179 331 3224; x_wconf 83' lang='lat' dir='ltr'>aut</span> <span class='ocrx_word' id='word_1_247' title='bbox 349 3173 672 3238; x_wconf 69' lang='grc'>11111111111111111,</span> <span class='ocrx_word' id='word_1_248' title='bbox 694 3173 802 3222; x_wconf 77' lang='lat' dir='ltr'>correxi</span> <span class='ocrx_word' id='word_1_249' title='bbox 824 3169 834 3236; x_wconf 85' lang='grc' dir='ltr'>ΙΙ</span> <span class='ocrx_word' id='word_1_250' title='bbox 857 3174 874 3220; x_wconf 86' lang='grc'>4</span> <span class='ocrx_word' id='word_1_251' title='bbox 892 3185 942 3222; x_wconf 87' lang='lat' dir='ltr'>nos</span> <span class='ocrx_word' id='word_1_252' title='bbox 959 3186 1012 3222; x_wconf 86' lang='lat' dir='ltr'>am.</span> <span class='ocrx_word' id='word_1_253' title='bbox 1031 3184 1069 3224; x_wconf 84' lang='lat' dir='ltr'>w:</span> <span class='ocrx_word' id='word_1_254' title='bbox 1096 3186 1155 3222; x_wconf 90' lang='lat' dir='ltr'>non</span> 
     </span>
     <span class='ocr_line' id='line_1_35' title="bbox 179 3236 1156 3306; baseline 0 -15"><span class='ocrx_word' id='word_1_255' title='bbox 179 3257 231 3292; x_wconf 88' lang='lat' dir='ltr'>am.</span> <span class='ocrx_word' id='word_1_256' title='bbox 252 3242 279 3289; x_wconf 73' lang='grc'>1(</span> <span class='ocrx_word' id='word_1_257' title='bbox 296 3239 306 3306; x_wconf 79' lang='grc'>11</span> <span class='ocrx_word' id='word_1_258' title='bbox 323 3244 339 3292; x_wconf 81' lang='lat'>5</span> <span class='ocrx_word' id='word_1_259' title='bbox 356 3241 493 3306; x_wconf 87' lang='lat' dir='ltr'>principes</span> <span class='ocrx_word' id='word_1_260' title='bbox 505 3240 538 3288; x_wconf 85' lang='lat' dir='ltr'>W</span> <span class='ocrx_word' id='word_1_261' title='bbox 555 3237 564 3304; x_wconf 79' lang='grc' dir='ltr'>ΙΙ</span> <span class='ocrx_word' id='word_1_262' title='bbox 581 3242 596 3289; x_wconf 84' lang='grc'><strong>9</strong></span> <span class='ocrx_word' id='word_1_263' title='bbox 616 3240 706 3289; x_wconf 85' lang='lat' dir='ltr'>fouete</span> <span class='ocrx_word' id='word_1_264' title='bbox 725 3242 742 3288; x_wconf 82' lang='grc'><strong>0</strong></span> <span class='ocrx_word' id='word_1_265' title='bbox 760 3238 769 3304; x_wconf 80' lang='grc' dir='ltr'>ΙΙ</span> <span class='ocrx_word' id='word_1_266' title='bbox 789 3240 819 3288; x_wconf 86' lang='grc'>16</span> <span class='ocrx_word' id='word_1_267' title='bbox 838 3240 932 3305; x_wconf 88' lang='lat' dir='ltr'>utique</span> <span class='ocrx_word' id='word_1_268' title='bbox 951 3240 1059 3304; x_wconf 69' lang='lat' dir='ltr'>Lipsiae</span> <span class='ocrx_word' id='word_1_269' title='bbox 1077 3236 1082 3302; x_wconf 91' lang='grc' dir='ltr'>Ι</span> <span class='ocrx_word' id='word_1_270' title='bbox 1103 3240 1156 3291; x_wconf 90' lang='lat' dir='ltr'>ho·</span> 
     </span>
     <span class='ocr_line' id='line_1_36' title="bbox 180 3305 1152 3373; baseline 0.003 -15"><span class='ocrx_word' id='word_1_271' title='bbox 180 3325 230 3358; x_wconf 88' lang='lat' dir='ltr'>nor</span> <span class='ocrx_word' id='word_1_272' title='bbox 248 3325 294 3358; x_wconf 88' lang='lat' dir='ltr'>om.</span> <span class='ocrx_word' id='word_1_273' title='bbox 314 3310 331 3356; x_wconf 83' lang='lat'><strong>0</strong></span> <span class='ocrx_word' id='word_1_274' title='bbox 348 3306 358 3373; x_wconf 87' lang='grc' dir='ltr'>ΙΙ</span> <span class='ocrx_word' id='word_1_275' title='bbox 380 3310 411 3358; x_wconf 77' lang='grc'>11</span> <span class='ocrx_word' id='word_1_276' title='bbox 431 3307 510 3357; x_wconf 91' lang='lat' dir='ltr'>nobis</span> <span class='ocrx_word' id='word_1_277' title='bbox 530 3310 547 3355; x_wconf 82' lang='lat'><strong>0</strong></span> <span class='ocrx_word' id='word_1_278' title='bbox 565 3305 575 3371; x_wconf 78' lang='lat'>{1</span> <span class='ocrx_word' id='word_1_279' title='bbox 594 3308 625 3358; x_wconf 87' lang='grc'>18</span> <span class='ocrx_word' id='word_1_280' title='bbox 643 3307 785 3372; x_wconf 87' lang='lat' dir='ltr'>proposita</span> <span class='ocrx_word' id='word_1_281' title='bbox 803 3308 823 3355; x_wconf 89' lang='lat' dir='ltr'>B</span> <span class='ocrx_word' id='word_1_282' title='bbox 835 3308 880 3356; x_wconf 84' lang='lat' dir='ltr'>W:</span> <span class='ocrx_word' id='word_1_283' title='bbox 902 3306 1045 3372; x_wconf 84' lang='lat' dir='ltr'>preposita</span> <span class='ocrx_word' id='word_1_284' title='bbox 1063 3309 1081 3357; x_wconf 84' lang='grc'>(1</span> <span class='ocrx_word' id='word_1_285' title='bbox 1095 3308 1120 3356; x_wconf 84' lang='lat' dir='ltr'>V</span> <span class='ocrx_word' id='word_1_286' title='bbox 1140 3305 1152 3371; x_wconf 74' lang='grc'>11</span> 
     </span>
     <span class='ocr_line' id='line_1_37' title="bbox 180 3373 1156 3440; baseline 0.002 -16"><span class='ocrx_word' id='word_1_287' title='bbox 180 3377 212 3425; x_wconf 92' lang='grc'>20</span> <span class='ocrx_word' id='word_1_288' title='bbox 231 3376 422 3440; x_wconf 72' lang='lat' dir='ltr'>frequentent·</span> <span class='ocrx_word' id='word_1_289' title='bbox 446 3373 456 3439; x_wconf 85' lang='grc' dir='ltr'>ΙΙ</span> <span class='ocrx_word' id='word_1_290' title='bbox 480 3376 512 3423; x_wconf 85' lang='grc'>21</span> <span class='ocrx_word' id='word_1_291' title='bbox 532 3375 648 3437; x_wconf 80' lang='lat' dir='ltr'>suspicit</span> <span class='ocrx_word' id='word_1_292' title='bbox 666 3376 811 3425; x_wconf 81' lang='lat' dir='ltr'>Liuineius:</span> <span class='ocrx_word' id='word_1_293' title='bbox 839 3376 912 3426; x_wconf 88' lang='lat' dir='ltr'>susci</span> <span class='ocrx_word' id='word_1_294' title='bbox 931 3375 953 3425; x_wconf 86' lang='lat' dir='ltr'>it</span> <span class='ocrx_word' id='word_1_295' title='bbox 970 3377 998 3423; x_wconf 80' lang='lat'>1</span> <span class='ocrx_word' id='word_1_296' title='bbox 1021 3373 1032 3439; x_wconf 85' lang='grc'>11</span> <span class='ocrx_word' id='word_1_297' title='bbox 1057 3376 1156 3426; x_wconf 79' lang='grc'>2211-</span> 
     </span>
     <span class='ocr_line' id='line_1_38' title="bbox 180 3391 1155 3508; baseline 0.003 -17"><span class='ocrx_word' id='word_1_298' title='bbox 180 3457 287 3493; x_wconf 87' lang='lat' dir='ltr'>cersere</span> <span class='ocrx_word' id='word_1_299' title='bbox 306 3440 399 3507; x_wconf 76' lang='grc'>01121</span> <span class='ocrx_word' id='word_1_300' title='bbox 421 3442 475 3492; x_wconf 89' lang='lat' dir='ltr'>huc</span> <span class='ocrx_word' id='word_1_301' title='bbox 493 3457 571 3493; x_wconf 87' lang='lat' dir='ltr'>aures</span> <span class='ocrx_word' id='word_1_302' title='bbox 590 3441 642 3491; x_wconf 91' lang='lat' dir='ltr'>huc</span> <span class='ocrx_word' id='word_1_303' title='bbox 660 3442 754 3494; x_wconf 89' lang='lat' dir='ltr'>oculos</span> <span class='ocrx_word' id='word_1_304' title='bbox 773 3391 930 3508; x_wconf 75' lang='lat' dir='ltr'>Lininciasll</span> <span class='ocrx_word' id='word_1_305' title='bbox 952 3444 984 3493; x_wconf 81' lang='lat'>31</span> <span class='ocrx_word' id='word_1_306' title='bbox 1002 3441 1155 3494; x_wconf 82' lang='lat' dir='ltr'>fefellerint</span> 
     </span>
     <span class='ocr_line' id='line_1_39' title="bbox 180 3509 572 3561; baseline -0.003 -2"><span class='ocrx_word' id='word_1_307' title='bbox 180 3509 352 3561; x_wconf 77' lang='lat' dir='ltr'>Schwarzius:</span> <span class='ocrx_word' id='word_1_308' title='bbox 371 3510 528 3560; x_wconf 81' lang='lat' dir='ltr'>fefellerunt</span> <span class='ocrx_word' id='word_1_309' title='bbox 545 3510 572 3557; x_wconf 74' lang='lat'>1(</span> 
     </span>
    </p>
   </div>
   <div class='ocr_carea' id='block_1_5' title="bbox 0 0 1213 4012">
    <p class='ocr_par' dir='ltr' id='par_1_5' title="bbox 0 0 1213 4012">
     <span class='ocr_line' id='line_1_40' title="bbox 0 0 1213 4012; baseline 0 0"><span class='ocrx_word' id='word_1_310' title='bbox 0 0 1213 4012; x_wconf 95' lang='lat' dir='ltr'> </span> 
     </span>
    </p>
   </div>
  </div>
 </body>
</html>
