2406 4012
283 200 466 253 ouuurnn.
485 202 694 253 narramur.
713 190 821 254 1oss1c.
976 204 1034 267 111

49 350 163 416 randi
184 370 276 414 mora
295 349 483 415 restiterunt
500 350 662 433 duplicato
706 351 812 415 ietatis
835 352 939 417 officio
963 375 1036 419 oon-

52 440 222 501 tumaces.
268 436 364 519 atque
386 434 467 499 haec
488 435 617 518 quidem
644 374 733 500 uelut
754 437 959 501 interioribus
987 460 1035 501 sa·

56 520 180 585 crariis
201 522 333 603 operata
350 519 514 584 ueneratio
537 540 646 583 eorum
667 520 762 585 modo
784 521 907 586 animos
929 522 1035 586 obstu-

56 604 231 690 pefecerat
252 603 367 686 quibus
388 604 510 667 aditum
532 604 632 668 uestri
647 605 767 670 dabant
787 606 915 670 ordines
931 606 1036 690 digni-

58 689 155 755 tatis.
199 690 236 752 ut
270 709 345 752 uero
377 688 489 753 limine
522 689 643 772 egressi
673 711 730 773 per
757 691 895 755 mediam
923 692 1062 757 urbemn

60 773 163 839 simul
190 771 410 855 uohebamini,
444 775 532 837 tecta
558 775 704 857 ipsese,
736 778 771 838 ut
794 776 904 859 audio,
932 797 1035 861 paene

63 860 327 940 commouerunt,
362 857 510 922 omnibus
538 857 617 921 uiris
644 858 787 941 feminis,
817 861 958 942 paruulis
987 883 1034 923 se·

61 941 163 1007 nibus
190 944 246 1006 aut
272 963 329 1025 per
356 942 442 1007 fores
472 942 508 1005 in
534 941 699 1039 publicum
727 944 952 1025 proruentibus
979 949 1035 1008 aut

61 1048 125 1113 per
147 1026 311 1110 superiora
333 1027 458 1091 aedium
480 1026 594 1091 limma
615 1026 867 1091 imminentibus.
896 1028 1035 1092 clamare

63 1110 174 1177 omnis
201 1131 279 1194 prae
301 1111 434 1195 gaudio,
462 1111 528 1174 iam
550 1111 619 1175 sine
641 1113 728 1175 metu
750 1113 848 1176 uestri
874 1116 907 1176 et
928 1112 1034 1195 palem
1048 1139 1074 1179 ιο

62 1216 166 1262 manu
174 1194 407 1260 demonstrare:
424 1195 524 1260 ‘uides
534 1194 791 1261 Diocletianum?
804 1196 1034 1262 Maximianum

62 1278 182 1345 uides?
202 1280 292 1345 uides
313 1280 449 1344 ambos?
471 1284 507 1343 ut
528 1281 649 1363 pariter
671 1282 760 1346 sunt!
785 1303 880 1364 quam
900 1282 1035 1346 iunctim

63 1362 196 1429 sedent!
233 1385 328 1446 quam
351 1364 551 1429 concorditer
573 1364 814 1448 colloquuntur!
873 1389 947 1431 uam
972 1367 1035 1431 cito

61 1450 264 1515 transeuntt’
309 1470 404 1514 nemo
427 1448 533 1513 studio
555 1471 612 1512 suo
634 1472 693 1533 par
713 1451 777 1513 fuit
797 1388 898 1515 oouiis
924 1454 963 1514 ad
985 1453 1034 1515 in·

61 1532 236 1617 tuendum3
269 1533 407 1616 dumque
434 1554 493 1597 uos
516 1533 641 1597 alterna
668 1534 841 1616 cupiditate
866 1536 1034 1616 mirantur,
1047 1560 1073 1600 15

62 1621 217 1683 neutrum
239 1618 318 1681 satis
339 1618 448 1681 uidere
469 1620 652 1701 potuerunt.

129 1700 205 1765 XII.
257 1701 334 1785 Ipsa
370 1703 467 1766 etiam
500 1703 646 1786 gentium
680 1702 809 1765 domina
841 1700 945 1765 Roma
975 1701 1033 1765 im-

61 1786 193 1851 modico
219 1786 470 1870 propinquitatis
497 1789 623 1850 uestrae
651 1785 735 1849 elota
767 1786 886 1871 gaudio
912 1807 1033 1870 uosque

64 1892 84 1935 e
107 1871 247 1955 speculis
275 1891 405 1935 suorum
427 1869 584 1934 montium
606 1871 788 1954 prospicere
812 1874 941 1954 conata,
971 1894 1033 1956 quo

63 1976 100 2020 ae
129 1954 270 2019 uultibus
298 1956 415 2019 uestris
437 1955 567 2039 propius
595 1956 752 2038 expleret,
782 1957 822 2021 ad
843 1956 1033 2022 intuendum
1046 1982 1072 2025 so

64 2040 212 2105 cominus
236 2044 390 2125 quantum
436 2041 518 2104 otuit
539 2041 682 2108 accessit.
727 2042 849 2106 lumina
877 2042 1033 2126 siquidem

63 2128 196 2191 senatus
223 2124 271 2189 sui
299 2123 389 2188 misit
410 2062 616 2189 iestissimae
643 2125 690 2189 illi
718 2148 775 2210 per
801 2149 854 2191 eos
877 2127 944 2191 dies
966 2126 1033 2189 Me-

62 2208 299 2273 diolanensium
327 2209 451 2273 ciuitati
480 2210 723 2274 similitudinem
751 2212 929 2275 maiestatis
957 2231 1033 2273 suae

62 2293 205 2359 libenter
230 2294 434 2377 impartiens,
463 2298 499 2358 ut
520 2295 566 2358 ibi
592 2300 671 2358 tunc
699 2316 767 2358 esse
795 2293 884 2358 sedes
907 2293 1034 2376 imperii

62 2376 228 2443 uideretur
260 2398 322 2461 quo
349 2380 482 2461 uterque
515 2383 649 2442 uenerat
674 2379 859 2461 imperator.
903 2377 1032 2440 interim
1046 2400 1072 2441 es

62 2466 185 2546 tamen,
208 2461 284 2526 dum
306 2462 384 2526 mihi
408 2466 483 2526 ante
505 2462 613 2526 oculos
635 2481 721 2545 pono
744 2461 905 2526 cotidiana
925 2463 1034 2524 uestra

63 2546 234 2630 colloquia,
258 2547 444 2611 coniunctas
465 2548 501 2610 in
517 2546 605 2611 omni
626 2567 771 2610 sermone
786 2545 940 2623 dexteras,
964 2545 1035 2610 ioca

63 2632 212 2715 seriaque
235 2632 481 2713 communicata,
505 2632 618 2696 obtutu
640 2635 751 2695 mutuo
773 2634 937 2695 transacta
959 2652 1033 2695 con·

62 2715 166 2799 uiuia‚
192 2715 250 2779 illa
271 2737 323 2779 me
345 2716 500 2800 cogitatio
523 2717 609 2781 subit
631 2738 766 2800 quanam
788 2716 889 2780 animi
910 2716 1032 2801 magni-

62 2800 176 2865 tudine
205 2800 244 2864 ad
272 2800 456 2865 reuisendos
487 2802 641 2866 exercitus
671 2805 795 2865 uestros
823 2800 1032 2866 discesseritis
1045 2826 1072 2866 ao

60 2885 279 2969 pietatemque
313 2888 453 2949 uestram
487 2887 626 2950 utilitate
658 2885 852 2968 reipublicae
880 2885 1032 2949 uiceritis.

132 3126 150 3175 3
168 3128 266 3189 operta
283 3127 319 3187 Ι,
336 3128 443 3176 correxi
462 3123 474 3191 ΙΙ
493 3128 509 3176 8
528 3130 576 3175 aut
595 3127 623 3173 in
641 3124 717 3173 foros
734 3125 763 3173 in
781 3125 856 3188 publ.
875 3124 907 3171 W
927 3120 937 3187 ΙΙ
959 3119 1033 3171 olu-

62 3192 140 3241 mina
156 3192 308 3259 Liuineius!
324 3192 404 3245 clam.
424 3209 517 3244 omnes
534 3206 573 3241 w:
595 3192 675 3241 clam.
693 3192 818 3242 omnibus
837 3194 864 3239 Π
875 3188 886 3255 ΙΙ
904 3192 935 3239 12
952 3189 1032 3238 uides

61 3260 159 3311 ambos
175 3264 208 3311 ut
225 3276 288 3325 epo:
307 3261 387 3311 ambo
406 3266 469 3311 sunt
485 3261 513 3309 Η
528 3258 532 3324 1
548 3259 663 3309 iunctim
681 3258 771 3309 Bert..·
790 3258 876 3310 iuncti
892 3260 915 3307 Δ
933 3256 1032 3307 inuicti

62 3328 83 3377 B
96 3330 115 3377 0
127 3328 150 3375 V
161 3326 217 3393 Wl
232 3330 262 3379 13
281 3330 447 3394 eloquuntur·
464 3330 481 3376 0
494 3324 505 3392 ll
522 3331 553 3377 21
573 3326 718 3389 quominus
736 3328 767 3376 W
780 3324 789 3389 ss
806 3329 838 3377 23
857 3340 922 3376 suae
940 3341 986 3374 om.
999 3324 1032 3373 W

64 3394 77 3459 ll
101 3396 136 3445 24
153 3410 227 3446 nunc
245 3399 262 3445 0
279 3394 290 3461 [Ι
305 3398 338 3447 26
357 3402 449 3445 tamen
466 3412 513 3445 om.
527 3396 600 3461 liert.
620 3392 624 3459 Ι
645 3394 712 3443 milri
728 3396 751 3443 A
762 3395 808 3444 W:
827 3392 895 3443 nihil
913 3394 933 3442 B
946 3395 963 3442 0
975 3394 997 3441 V
1017 3394 1030 3458 ll

63 3465 97 3515 2⁷
116 3465 264 3514 conuictus
283 3465 300 3513 0
319 3463 323 3527 Ι
343 3464 406 3513 ioca
425 3464 563 3527 seriaque]
582 3462 806 3526 oeesariaquew
823 3466 960 3528 eumcipno
974 3478 1033 3513 cor-

63 3534 182 3595 ruptelae
205 3530 216 3597 fl
239 3533 273 3583 28
291 3533 421 3581 conuiuia
438 3532 512 3581 edm:
532 3530 669 3580 connubia
686 3531 714 3576 Ι
730 3530 806 3581 Bert.
